4224 5506
437 463 507 548 ,a
581 479 588 492 -
1026 446 1374 526 connecte

420 644 683 732 ‚igiturintegra
703 637 858 704 hocloco
876 631 1180 722 Lampridiiaucto·
1238 645 1318 716 944,
1341 635 1400 702 sed
1422 638 1485 700 boe
1506 634 1638 698 labente
1660 657 1722 698 una
1746 657 1820 700 cum
1841 638 1981 700 nemini·

436 723 526 810 ritas.
565 743 725 839 Quoniam
761 761 841 824 ergo
866 726 1062 800 Commodus
1087 741 1179 800 Felix
1236 737 1297 801 bus
1326 745 1430 802 Marci
1461 752 1494 801 et
1515 741 1674 800 Antonini
1701 758 1743 800 ex
1771 752 1905 831 moneta
1928 761 1982 804 ex·

439 849 504 912 dici
522 847 637 928 incipit
655 845 688 904 in
703 841 777 904 trib.
795 853 955 924 potestate
970 838 1029 916 tt,
1053 852 1086 900 et
1104 859 1180 902 cen·
1237 841 1337 902 torris
1367 855 1417 904 est
1439 839 1544 904 iactus
1567 837 1749 920 serentibus
1771 854 1882 904 tamen
1906 863 1981 906 cum

439 951 545 1014 relatu
570 949 645 1021 lV.,
675 963 758 1028 quae
779 955 854 1003 sunt
873 954 968 1002 notae
991 941 1065 1002 enni
1085 941 1125 1006 V·
1142 940 1179 1003 C.
1238 941 1465 1004 marmoribus.

441 1049 522 1129 038,
560 1045 735 1130 datumque
772 1044 858 1105 hunc
898 1043 1027 1106 titulum
1058 1039 1180 1102 adserit
1300 1043 1525 1118 1Nvtc't¹t··8,
1568 1041 1657 1126 quod
1687 1040 1750 1105 eibi
1777 1063 1898 1106 nomen
1920 1065 1981 1128 per

438 1147 647 1234 Lampridius
681 1144 853 1208 occasione
882 1141 1042 1204 Perennis
1082 1141 1179 1217 coesi,
1238 1144 1456 1226 arrogantiam
1494 1143 1629 1220 indidit,
1675 1163 1782 1228 neque
1817 1142 1907 1204 istud
1936 1145 1982 1206 iu·

438 1253 544 1338 palam
563 1263 629 1322 est,
652 1246 738 1312 hune
758 1246 871 1308 saltem
889 1241 1181 1306 ssuentebocanno
1238 1243 1330 1320 vide,
1360 1267 1433 1307 nam
1466 1259 1499 1308 et
1528 1245 1745 1308 Februarium
1773 1263 1921 1306 mensem
1949 1247 1982 1306 in

441 1355 582 1416 uiolenta
604 1365 711 1411 morte
729 1347 830 1410 fuisse
857 1345 1071 1418 exstinctum,
1102 1363 1181 1426 quo·
1237 1345 1378 1407 neminie
1399 1345 1495 1430 hujus
1513 1347 1775 1410 communionem
1797 1347 1914 1410 venire
1934 1360 1982 1408 est

438 1455 524 1517 niam
555 1449 753 1514 Commodus
781 1449 815 1522 in
844 1445 950 1508 numia
980 1443 1076 1526 hujus
1106 1441 1180 1504 aaut
1237 1467 1368 1528 passus,
1392 1459 1427 1508 ut
1449 1447 1481 1508 in
1504 1445 1575 1528 cjus
1597 1447 1662 1510 vita
1683 1445 1723 1508 ad
1745 1469 1865 1510 annum
1885 1447 1929 1515 V.
1947 1449 1981 1510 C.

443 1559 534 1618 Folio
550 1553 613 1636 jam
630 1548 729 1612 audit.
765 1547 875 1642 Quare
901 1567 1031 1608 rursum
1056 1544 1181 1606 fallitur
1238 1554 1299 1628 945
1311 1545 1461 1608 diximus.
1486 1547 1980 1632 Tameniunumisncnlegitur.

442 1653 691 1725 'l'illemontius,
722 1649 778 1734 qui
794 1648 922 1710 tristem
944 1644 1103 1710 Perennis
1130 1665 1181 1707 ca·
1301 1633 1770 1716 HERCVbESROMANVS.
1789 1649 1981 1710 atunoeda

442 1780 513 1822 sum
543 1758 577 1817 in
612 1773 729 1817 annum
756 1763 948 1834 sequentem
972 1747 1034 1830 odo
1059 1745 1179 1810 differt.
1238 1745 1302 1808 hoe
1343 1749 1439 1810 titulo
1482 1749 1536 1832 egi
1573 1749 1614 1811 ad
1651 1771 1753 1812 annos
1781 1753 1821 1818 V.
1841 1753 1877 1814 C.
1907 1759 1979 1834 944.

343 1857 349 1864 ’
440 1859 561 1943 Pagina
583 1856 704 1917 dictum
728 1872 800 1916 esse
832 1853 967 1912 Felicem
988 1850 1059 1932 ipsc
1082 1848 1183 1929 impe·
1238 1853 1310 1932 9¹45.
1455 1933 1460 1943 ¹

442 1961 483 2022 rii
510 1971 584 2042 post
614 1953 715 2038 patris
746 1965 885 2013 mortem
919 1949 1061 2032 suscepti
1089 1948 1181 2010 initio
1303 1951 1460 2012 PATER.
1483 1951 1684 2014 Parmae.
1709 1951 1925 2018 Commodum
1942 1952 1982 2015 ad

443 2083 484 2126 ex
513 2061 620 2122 cumis
643 2054 765 2118 adserit
781 2053 826 2132 ·),
857 2051 916 2114 sed
944 2067 977 2114 et
995 2051 1047 2113 bie
1065 2071 1106 2112 ex
1124 2071 1184 2110 nu·
1239 2071 1357 2113 annum
1380 2053 1420 2116 V.
1440 2049 1552 2133 C-odo
1576 2053 1674 2114 simul
1697 2055 1879 2138 Augustum
1902 2055 1982 2116 sidi-

440 2163 522 2239 mis,
545 2151 1045 2244 quesvulgavitMediobarbus.
1134 2165 1137 2178 ⁴
1239 2173 1330 2227 mus,
1353 2151 1450 2212 simul
1472 2155 1598 2216 Patrem
1619 2157 1768 2232 Patriae,
1798 2155 1981 2240 etquidem

506 2255 800 2326 GERMANICVS.
829 2257 893 2316 Hic
911 2253 1015 2317 bonos
1034 2257 1184 2318 Comme·
1239 2250 1442 2326 imberbem,
1472 2275 1589 2316 annum
1611 2276 1729 2340 nempe
1746 2257 1860 2320 aetatis
1880 2259 1981 2322 XVII.

443 2364 486 2429 dc
501 2387 551 2444 ex,
561 2361 678 2445 elogiis
693 2341 984 2419 bellicis'omnium
993 2355 1183 2419 maturrime
1241 2367 1411 2437 agentem,
1435 2355 1634 2439 sempiterno
1657 2357 1758 2441 patris
1776 2357 1906 2422 Aurelii
1929 2379 1984 2440 op-

443 2465 589 2538 delatus,
621 2475 655 2524 et
681 2459 811 2543 quidem
840 2479 913 2520 cura
933 2459 1052 2520 Caesar
1078 2457 1184 2520 adhue
1240 2453 1395 2535 probriu,
1426 2455 1482 2539 qui
1506 2455 1654 2534 titulum,
1683 2481 1780 2543 quern
1812 2459 1874 2521 sibi
1905 2479 1982 2520 non·

445 2579 548 2640 esset,
579 2576 610 2624 et
635 2581 676 2624 ex
702 2558 827 2620 meritis
852 2558 968 2640 patris,
991 2573 1028 2621 ut
1044 2559 1184 2620 vidimus
1241 2555 1303 2616 nisi
1334 2557 1489 2618 extremis
1521 2558 1650 2641 imperii
1680 2561 1731 2622 aui
1762 2561 1854 2623 annis
1882 2561 1984 2644 sppli-

444 2665 486 2729 ad
509 2683 627 2726 annum
656 2661 693 2725 V·
711 2661 747 2722 C.
772 2659 843 2738 928.
886 2660 973 2724 Huic
1003 2660 1182 2722 seeundum
1242 2657 1327 2732 cuit,
1354 2678 1429 2720 cum
1460 2655 1528 2720 filio
1556 2679 1678 2743 puero,
1711 2661 1808 2726 dulce
1830 2664 1894 2726 hcc
1918 2663 1985 2723 elo·

443 2764 690 2849 inscriptionem
703 2763 889 2837 literarum,
913 2781 1007 2845 quarn
1022 2761 1183 2826 exDiene
1242 2757 1330 2841 giem
1353 2779 1414 2842 per
1435 2747 1599 2843 cognitam
1620 2761 1682 2842 jam
1711 2777 1780 2824 tum
1814 2764 1913 2826 animi
1938 2763 1984 2825 fe-

444 2889 541 2952 supra
555 2865 720 2939 dedimus,
752 2861 882 2924 additur
900 2863 1119 2942 MAXIMVS,
1152 2877 1185 2926 et
1242 2860 1364 2924 ruciam
1382 2861 1984 2944 minimeprenteritocommunicarit.

444 2969 631 3052 conspirant
646 2967 678 3026 in
698 2965 761 3026 hoc
783 2962 930 3048 epitheto
952 2964 1083 3046 copiosa
1101 2985 1186 3026 mar·
1304 2959 1520 3022 Atttzorttt
1552 2979 1584 3023 et
1613 2965 1980 3028 EXSVPERATORIS

443 3091 551 3146 mera,
573 3066 653 3130 stin
675 3060 781 3128 mimis
803 3065 888 3128 illud
910 3085 1074 3150 nunquam
1097 3083 1185 3128 com·
1244 3081 1320 3124 eum
1346 3083 1476 3146 quoque
1508 3063 1659 3127 babuisse
1692 3066 1842 3141 nomina,
1881 3067 1985 3130 refert

444 3182 547 3253 paret.
1242 3167 1306 3230 Dio
1323 3171 1370 3247 e),
1393 3169 1516 3230 scilicet
1528 3166 1611 3227 iliud
1622 3165 1808 3250 petitumab
1820 3173 1984 3231 Amazone

508 3267 797 3334 santttrtcvs.
836 3265 1023 3330 Germanici
1053 3266 1185 3330 titulum
1243 3269 1376 3342 Marcia,
1399 3267 1481 3341 hee,
1504 3267 1984 3352 quedomnesbemineslocge
2090 3327 2091 3340 ,

446 3369 558 3456 paullo
580 3384 653 3453 post
676 3381 823 3444 secatus,
851 3380 887 3430 nt
907 3367 1116 3451 probavimus
1145 3367 1187 3430 ad
1244 3381 1433 3450 superaret,
1466 3367 1635 3453 additque,
1665 3369 1705 3431 iis
1738 3367 1822 3432 adeo
1844 3369 1985 3433 delecta·
2090 3381 2091 3390 ¹

445 3492 562 3534 annum
580 3471 621 3538 V.
638 3472 674 3534 C.
694 3469 766 3554 ped.
788 3472 935 3552 Vterque
957 3467 1028 3530 sere
1050 3470 1187 3533 inscribi
1242 3479 1314 3529 tum
1329 3465 1563 3544 Commodum,
1586 3483 1639 3546 ut,
1663 3472 1724 3532 etsi
1745 3471 1808 3533 alia
1830 3473 1911 3534 alias
1938 3491 1986 3532 se-
2090 3459 2091 3466 ἵ

445 3571 551 3634 numia
571 3571 668 3638 desiit
682 3591 765 3636 enno
780 3573 820 3638 V.
840 3571 875 3634 C.
895 3571 977 3652 931,
1000 3583 1033 3633 at
1049 3590 1188 3634 marmo·
1244 3583 1402 3652 poneret,
1432 3569 1483 3631 bis
1504 3591 1668 3656 nunquam
1696 3571 1887 3636 abstineret.
1925 3575 1986 3634 Ta.

446 3675 537 3736 ribus
559 3673 699 3736 inhaesit
721 3671 918 3736 constanter.
962 3722 969 3736 ,
1246 3683 1349 3732 statur
1375 3669 1582 3753 Lampridius
1599 3669 1650 3752 ὅ),
1678 3674 1794 3736 eadem
1815 3673 1886 3757 ipsa
1909 3695 1986 3758 quo·

508 3775 811 3840 BntTtNtttcVS.
836 3779 935 3837 Teste
951 3773 1140 3857 Lampridio
1154 3769 1188 3854 b)
1246 3789 1310 3854 que
1332 3769 1400 3854 legi
1429 3769 1463 3832 in
1484 3771 1696 3860 inscriptione
1716 3774 1857 3851 colossi,
1889 3795 1986 3858 quem

446 3879 627 3962 appellatus
653 3889 703 3938 est
722 3880 927 3938 Britannicus
948 3879 989 3936 ob
1005 3869 1188 3938 ‘edoiotori
1248 3869 1356 3934 ablato
1379 3871 1485 3954 capite
1509 3875 1596 3936 Solis
1618 3877 1717 3956 (non,
1741 3891 1776 3941 nt
1797 3877 1860 3950 ait,
1883 3879 1987 3940 Nero·
2090 3883 2091 3900 ²

446 3984 523 4054 bos,
557 3999 629 4042 euos
662 3980 813 4042 Britanni
839 3980 938 4038 etiem
966 3980 1186 4056 imperatorem
1243 3971 1310 4051 nis)
1340 3971 1402 4034 sibi
1431 3973 1707 4053 adcommodarit,
1745 3998 1860 4040 verum
1892 3979 1987 4040 aliter
2090 3979 2091 3984 ’

445 4091 556 4144 cmttro
573 4099 643 4146 eum
658 4079 950 4157 eliocrooolusn'nt.
977 4075 1070 4172 Quae
1084 4077 1187 4140 fuerit
1244 4071 1326 4136 hece
1351 4073 1483 4136 nomina
1505 4077 1674 4154 enunciat,
1696 4079 1778 4142 illud
1801 4098 1922 4143 vocans
1944 4083 1988 4158 es·
2090 4095 2091 4102 ¹

447 4180 517 4262 ejus
542 4177 736 4242 conserendi
758 4199 872 4254 causa,
904 4177 971 4240 dixi
995 4177 1037 4240 ad
1063 4199 1182 4241 annum
1238 4175 1448 4252 seminatum,
1478 4195 1597 4262 nempe
1631 4181 1671 4242 ab
1700 4183 1884 4256 Amazone,
1924 4181 1987 4243 hoc

447 4280 488 4342 V.
503 4283 539 4344 C.
556 4280 637 4363 937,
660 4281 693 4341 in
712 4279 804 4363 cujus
820 4280 926 4342 numia
940 4293 1050 4344 certae
1065 4277 1142 4340 fidei
1157 4279 1185 4340 is
1223 4277 1493 4356 piniatarium,
1531 4279 1606 4364 qaia
1643 4301 1799 4366 superare
1822 4281 1987 4344 alicuem·

367 4373 369 4378 ’
448 4383 600 4468 primum,
624 4380 712 4466 quod
731 4379 809 4442 mihi
826 4395 966 4458 constet,
983 4381 1186 4444 observatur.
1243 4399 1302 4442 nea
1325 4381 1541 4464 gladiatorum
1565 4395 1624 4446 est.

449 4485 625 4567 Comparet
645 4481 674 4542 is
694 4479 849 4545 adhuciu
870 4482 1068 4546 numisanni
1091 4484 1131 4550 V.
1150 4481 1186 4546 C.
1309 4482 1534 4551 OLYMPIVS
1565 4481 1688 4546 dicitnr
1716 4481 1748 4543 in
1770 4483 1859 4546 binis
1880 4485 1987 4547 numia

508 4690 1069 4764 aJCrit.Baroo.adann.Cbr.187.
1151 4692 1185 4764 b)
1207 4693 1326 4770 Cape.
1400 4697 1430 4766 c)
1450 4694 1617 4756 L.LXX11.
1640 4699 1664 4769 §-
1684 4706 1725 4760 stu
1800 4695 1834 4771 d)
1856 4699 1931 4776 Cap.
1953 4711 1989 4758 tt.
