4224 5506
405 471 476 544 1ἓή

409 642 555 712 Severo,
588 638 659 714 ejus
685 631 858 694 abolendus
885 635 1027 702 statuas,
1067 645 1151 709 puae

406 745 547 824 undique
570 745 658 808 suut,
685 751 857 814 nomenque
868 749 910 792 eu
924 731 1070 792 omnibus
1082 729 1151 806 pri·

405 845 509 916 uelis,
543 839 742 919 publicisque
780 833 989 894 mouunuculis
1022 833 1152 892 eraden-

407 947 482 1004 dum
498 943 546 1020 ¹),
577 937 734 999 saeuitum
754 947 804 994 est
821 931 918 994 etium
936 929 969 992 in
988 941 1151 992 monetam

407 1041 479 1124 ejus
504 1059 656 1112 aureum,
684 1033 821 1118 perinde
852 1052 889 1094 uc
914 1029 992 1092 olim
1020 1043 1150 1092 senatus

407 1138 543 1206 conflari
554 1159 673 1202 aeneos
681 1135 848 1219 Caligulae
863 1153 978 1193 numos
994 1129 1089 1212 jussit
1103 1125 1148 1209 ¹³),

325 1257 339 1266 '
407 1258 504 1328 atque
537 1261 666 1302 omnem
706 1235 817 1298 fratris
848 1235 949 1296 Getse
987 1243 1151 1292 monetam

409 1341 599 1408 Caracalla?
626 1343 699 1402 Non
724 1358 838 1422 parum
860 1333 957 1406 baec,
980 1351 1063 1416 quae
1086 1351 1153 1392 me·

408 1441 552 1516 moravi,
591 1443 702 1504 ualere
724 1439 765 1503 ud
788 1447 995 1520 praesentem
1021 1453 1152 1496 causam

407 1557 562 1628 possent,
585 1543 643 1604 sed
660 1557 766 1603 tamen
786 1537 855 1619 ejus
869 1538 901 1598 in
919 1556 999 1598 auro
1022 1533 1151 1618 inopine

407 1644 492 1708 ratio
512 1643 607 1706 altius
623 1639 773 1726 petenda.
795 1637 927 1700 Etenim
944 1635 1060 1710 video,
1083 1654 1153 1697 mo·

411 1757 520 1808 oetam
545 1763 695 1814 sus-enm,
726 1759 809 1824 quae
828 1737 942 1823 primis
962 1734 1152 1820 imperantis

408 1843 537 1908 Aurelii
563 1839 770 1904 annisobvia
793 1851 861 1913 est,
889 1859 950 1922 pec
971 1857 1072 1900 anuos
1103 1853 1153 1896 se·

409 1959 548 2030 quentes
570 1943 614 2005 ita
639 1941 757 2004 sensim
775 1937 938 2014 deiicere,
969 1951 1004 2000 ut
1017 1957 1152 1999 sureum

408 2045 480 2128 ejus
506 2065 639 2106 numum
665 2044 719 2106 vix
744 2040 893 2124 reperire
918 2039 960 2100 sit
975 2037 1152 2121 postremis

407 2145 515 2218 annis,
549 2143 666 2228 quibus
703 2141 877 2226 imperium
906 2139 1021 2202 tenuit.
1064 2137 1152 2233 Quid

408 2243 498 2329 quod
527 2244 639 2306 uxoris
650 2243 833 2306 -Feustinee
857 2249 1066 2304 consecratae
1094 2262 1152 2302 nu·

408 2368 517 2422 mum,
549 2345 610 2408 etsi
634 2345 669 2408 id
693 2363 796 2429 genus
825 2345 857 2404 in
875 2355 1010 2426 urgento
1027 2356 1059 2403 et
1074 2360 1150 2402 aare

406 2445 540 2508 ebrium
571 2459 637 2520 est,
674 2465 717 2506 ue
739 2465 839 2506 uuum
862 2443 992 2527 quidem
1015 2463 1149 2505 aureum

406 2547 441 2606 in
457 2543 729 2628 opulentissimis,
753 2557 787 2606 et
805 2545 1051 2626 optimaenotae
1068 2556 1151 2606 ceta-

407 2643 514 2726 logis,
537 2657 623 2706 etue
642 2642 774 2728 quidem
788 2644 820 2706 in
843 2644 1009 2707 uberrimo
1025 2643 1151 2706 Medio·

406 2743 510 2806 barbo
539 2745 685 2827 reperire
708 2745 804 2820 licet,
834 2745 963 2808 tametsi
980 2764 1151 2808 cousecra-

408 2857 459 2908 tac
481 2845 593 2907 metris
601 2845 775 2908 Faustinae
790 2846 928 2908 sanioris
945 2847 1036 2908 aurei
1051 2845 1150 2908 abun·

406 2945 495 3010 dent.
535 2945 689 3008 Aurelius
720 2947 816 3008 uxori
847 2966 924 3009 suae
954 2945 1028 3009 iere
1059 2945 1152 3030 quin·

406 3045 550 3130 quennio
573 3061 738 3128 superstes
753 3047 824 3110 luit.
856 3047 891 3110 si
912 3066 994 3134 ergo
1012 3060 1079 3108 tum
1097 3045 1152 3108 ad·

406 3148 472 3208 huc
504 3166 546 3208 ex
572 3146 648 3228 lege
670 3144 835 3208 ordinarie
867 3147 984 3232 signati
1012 3147 1152 3209 fuissent

406 3245 508 3320 aurei,
526 3266 564 3307 an
576 3243 747 3322 credibile,
763 3260 917 3329 uegetum
927 3247 1151 3310 luissesurum

407 3345 522 3422 uxori,
553 3346 587 3406 in
610 3367 705 3428 quam
732 3361 892 3408 mortuam
909 3348 1052 3410 honores
1068 3347 1150 3408 alios

407 3467 540 3522 omues,
586 3467 668 3530 quos
704 3446 862 3508 maximos
899 3448 1007 3510 auimo
1043 3447 1151 3532 potuit

407 3548 604 3632 concipere,
640 3548 824 3632 congessit?
868 3549 959 3632 Ergo
996 3549 1148 3634 quoniam

329 3655 333 3662 “
407 3667 523 3710 csusee
541 3646 694 3732 pensitati
707 3647 853 3711 barbaris
864 3649 946 3726 auri,
968 3668 1026 3710 seu
1041 3649 1148 3726 luxus,

407 3767 466 3809 seu
487 3747 554 3810 odii
571 3763 721 3824 senatus,
744 3749 874 3834 quaein
892 3749 1073 3813 Com-modo
1094 3771 1148 3812 ra·

272 3925 277 3932 ι
406 3849 478 3910 lere
485 3863 628 3932 poeeent,
646 3849 781 3911 Aurelio
798 3849 954 3934 applicari
970 3863 1147 3934 nequeunt,

406 3949 589 4012 aliaecerte
608 3949 738 4035 utrique
755 3971 946 4014 communes
965 3951 1076 4013 iorem
1093 3951 1149 4014 sd·

405 4048 589 4123 vocandae,
612 4049 671 4114 sed
687 4051 803 4136 quibua
819 4051 973 4114 rimandis
991 4052 1150 4129 abstineo,

407 4147 579 4231 quoniam,
603 4151 761 4237 quidquid
778 4153 936 4229 attulero,
965 4151 1051 4216 intre
1073 4173 1150 4217 eon·

403 4247 548 4330 jecturss
572 4271 703 4337 semper
725 4253 832 4318 stabit.
870 4255 1023 4317 Ceterum
1051 4277 1150 4338 quen·

405 4349 525 4414 tumtis
550 4352 616 4412 rari
635 4366 726 4428 sunt,
748 4367 784 4416 ut
805 4353 891 4432 dixi,
923 4353 1095 4419 Commodi
1111 4357 1144 4417 in

987 437 1339 518 COMMODVS.

1208 642 1288 694 auro
1306 620 1413 696 numi,
1436 618 1482 681 sic
1503 630 1538 679 ut
1558 615 1735 679 illustriora
1762 615 1859 678 etiam
1881 636 1955 676 mu·

1209 745 1282 798 sea,
1312 744 1385 786 cum
1407 743 1519 784 eorum
1540 718 1701 806 senarium
1722 701 1847 798 jactare
1876 738 1955 800 pos-

1209 841 1301 899 sent,
1324 823 1400 886 satis
1421 821 1523 884 rideri
1538 821 1705 882 nobilitate
1732 832 1868 904 queunt,
1906 831 1958 878 ta·

1212 947 1285 989 meu
1313 925 1418 987 solum
1447 921 1535 1006 regis
1554 922 1732 983 Galliarum
1761 920 1955 1012 thesaurum

1207 1023 1390 1090 recondere
1419 1035 1492 1084 octo
1521 1035 1554 1084 et
1582 1021 1712 1105 triginta
1736 1021 1833 1082 variis
1854 1022 1955 1104 typis,

1209 1143 1241 1190 ct
1258 1127 1339 1188 duos
1356 1139 1525 1208 praetereo
1542 1122 1672 1186 maximi
1691 1122 1831 1198 moduli,
1856 1136 1956 1183 teste-

1208 1228 1320 1290 turcl.
1341 1225 1501 1286 Beauvaie
1525 1225 1567 1305 ι·).
1593 1225 1700 1289 Vnum
1719 1224 1815 1304 hujus
1825 1224 1955 1287 moduli

1211 1327 1354 1413 vulgarit
1370 1327 1466 1390 etiam
1484 1325 1686 1393 Veilisntius.

1424 1547 1564 1611 Nomina
1586 1567 1626 1608 ac
1646 1549 1743 1608 liluli.

1273 1733 1365 1828 Quae
1392 1729 1589 1800 Commodus
1613 1731 1742 1792 nomina
1773 1750 1811 1793 ao
1836 1729 1953 1792 titulos

1208 1855 1269 1920 per
1293 1833 1463 1896 intervella
1498 1832 1689 1916 collegerit,
1727 1829 1863 1915 abipso
1890 1853 1952 1892 nos

1210 1936 1390 2000 Commodo
1407 1933 1541 1998 edoceri
1553 1936 1723 2018 patiemur.
1745 1935 1825 1994 Nam
1845 1931 1952 1994 relos-t

1208 2039 1272 2101 Dio
1287 2035 1488 2122 epigraphen
1507 2035 1686 2112 literarum,
1710 2049 1950 2120 quasextremo

1208 2139 1294 2204 vitae
1322 2152 1471 2220 tempore
1495 2137 1534 2200 sd
1554 2152 1701 2201 senatum
1726 2137 1817 2202 dedit
1839 2136 1891 2198 his
1911 2135 1950 2196 ti-

1202 2239 1286 2300 tulis
1303 2253 1489 2323 turgentem
1505 2236 1555 2320 1¹)=

1270 2343 1445 2420 Imperator
1465 2344 1581 2404 Caesar
1593 2344 1712 2403 Lucim
1727 2343 1951 2404 Aeliusdure·

1208 2445 1272 2504 lius
1284 2446 1477 2518 Commodus,
1499 2447 1663 2523 Aupustus
1679 2446 1758 2504 Pius
1771 2445 1863 2504 Felix
1872 2445 1951 2505 Ser·

1207 2547 1361 2618 uselicus,
1385 2547 1593 2606 Genuuuicus
1611 2548 1791 2618 Maximus,
1822 2547 1950 2604 Britan-

1207 2645 1318 2716 nicus,
1350 2645 1488 2706 Paculus·
1505 2649 1590 2708 orbis
1603 2655 1773 2719 terrarum,
1796 2648 1948 2720 Invictus,

1207 2745 1359 2806 Hercules
1384 2747 1558 2821 Romanus,
1598 2750 1750 2827 Pontifex
1776 2747 1946 2820 mucimus,

1208 2847 1398 2906 tribuniciae
1416 2851 1586 2926 potestatis
1612 2850 1735 2908 XVIII.
1773 2849 1950 2924 lmpernlos·

1211 2948 1300 3006 7111.
1341 2949 1457 3008 Consul
1476 2951 1550 3008 Vll.
1587 2951 1681 3009 Peter
1697 2951 1845 3027 patriae,
1876 2968 1950 3010 coss·

1207 3049 1347 3122 sulibus,
1365 3051 1585 3126 praetoribus,
1608 3052 1745 3110 tribunis·
1756 3051 1879 3126 plebis,
1901 3069 1948 3111 se·

1206 3151 1360 3230 sautuique
1370 3153 1591 3212 Commodiano
1600 3153 1701 3212 Felici
1709 3154 1853 3212 salutem.

1270 3251 1307 3310 lu
1324 3250 1470 3334 singulos
1498 3249 1610 3312 titulos
1633 3248 1783 3312 nonnihil
1798 3249 1953 3314 adverte.

1208 3370 1298 3410 mus:

1270 3450 1542 3515 turssut'rolt.
1572 3451 1624 3514 De
1638 3450 1703 3515 boc
1721 3450 1862 3536 duplicis
1877 3471 1948 3513 scu·

1207 3571 1261 3613 sue
1279 3551 1376 3616 titulo
1399 3551 1494 3616 infru.

1268 3653 1442 3730 evolve,
1458 3653 1537 3716 elias
1555 3653 1785 3721 erusncvtt.
1800 3655 1951 3719 Notands

1205 3750 1366 3816 hocloco
1389 3753 1619 3830 inconstantie,
1657 3777 1720 3838 que
1748 3755 1950 3820 Commodus

1204 3855 1315 3928 lucii,
1344 3855 1398 3927 rel
1422 3860 1526 3918 Marci
1538 3859 1628 3918 Aelii
1648 3859 1775 3919 Aurelii
1791 3862 1952 3922 Auleuins'

1207 3953 1392 4016 nominibus
1417 3969 1468 4017 est
1489 3977 1581 4034 usus,
1614 3956 1692 4019 dum
1719 3978 1757 4020 es
1781 3981 1843 4043 pro
1865 3962 1950 4024 lubi·

1208 4053 1283 4116 dine
1317 4053 1383 4138 jam
1410 4056 1592 4142 adoptavit,
1629 4058 1693 4138 jem
1717 4061 1854 4144 respuit.
1900 4065 1949 4126 Ea

1206 4154 1262 4216 lex
1278 4157 1456 4220 secundum
1479 4181 1595 4224 numos
1622 4159 1703 4223 haec
1728 4159 1789 4222 init
1810 4179 1950 4247 concor-

1207 4255 1300 4318 dibus
1310 4257 1406 4320 etiam
1419 4259 1645 4336 marmoribus,
1663 4261 1949 4346 iuquastatucuda

1207 4356 1285 4419 olim
1307 4380 1421 4442 parum
1454 4379 1589 4424 veraces
1611 4363 1707 4428 fuere
1731 4365 1883 4429 Neritius
1906 4368 1946 4448 θ),

406 4481 1942 4521 Ἢ..-

463 4558 494 4626 a)
516 4553 668 4635 Lemprid.
688 4575 711 4615 e.
729 4569 772 4622 to.
862 4559 1207 4639 b)o101..1.x.§.22.
1300 4567 1423 4642 e).ilist.
1444 4567 1636 4670 ihrer-¹181·
1657 4561 1765 4650 osteo·
1859 4575 1895 4648 d)
1915 4573 1947 4634 b.

407 4643 523 4704 Lxxtt.
542 4649 565 4719 ς.
587 4657 629 4711 15.
704 4649 735 4720 c)
755 4645 784 4705 iu
804 4647 896 4727 Epist.
915 4669 995 4710 cous.
