4220 5504
530 509 573 579 L.
630 502 953 579 SEPTIMIVS
1004 507 1287 589 SEVERVS.
1620 526 1687 607 167

138 672 295 776 persidit.
318 691 393 754 Hoc
412 689 606 766 interfecto,
629 703 663 754 et
682 690 890 754 Iulianosoc·
1088 697 1216 762 PERT.
1235 698 1440 768 AVG.1MP.
1459 703 1485 764 1.
1510 707 1610 784 caput
1622 709 1692 770 lau.

141 811 276 856 cessere
293 814 355 878 per
376 793 563 877 provincias
581 812 682 858 exoso
702 813 889 876 repugnans
1088 811 1213 860 reatum
1228 804 1263 862 ἐκ
1281 805 1351 862 ΑΕ.
1370 807 1397 862 1.
1413 821 1417 825 ·

140 921 159 960 a
182 897 249 960 suis
272 897 453 980 imperator
478 895 680 958 acclamatur
703 894 789 978 apud
813 895 890 956 Car·
947 898 985 962 C.
1086 899 1125 960 L.
1162 901 1711 974 SEP1·.SEV.PERT.AVG.

137 1013 277 1060 nantum
295 1001 342 1080 ¹).
364 997 516 1060 Instituto
533 997 635 1082 igitur
655 996 810 1058 celeriter
824 999 890 1058 Ro·
1047 999 1053 1005 “
1089 999 1177 1060 ΙΜΡ.
1200 1003 1224 1062 1.
1250 1006 1350 1086 Caput
1373 1011 1551 1072 laureatum
1571 1014 1606 1070 in
1621 1017 1689 1073 Ar..

138 1121 228 1162 mem
246 1100 383 1176 itinere,
414 1101 504 1178 (nam
521 1097 793 1180 praevertendum
815 1107 886 1158 erat
942 1099 985 1163 D.
1084 1101 1173 1163 IMP.
1188 1103 1281 1164 ΘΑΕ.
1299 1108 1336 1166 L.
1350 1109 1440 1170 SEP.
1457 1111 1689 1179 summer.
1796 1173 1803 1180 ,

137 1201 345 1277 Pescennio,
378 1221 474 1285 qoem
494 1202 620 1263 interca
639 1198 760 1263 Oriens
779 1198 886 1279 Augu·
993 1184 999 1194 ⁴
1085 1203 1186 1270 AVG.
1209 1203 1303 1269 COS.
1327 1209 1351 1270 1.
1392 1214 1492 1292 Caput
1513 1215 1692 1278 laureatum

140 1317 228 1366 stum
246 1303 342 1382 dixit)
362 1303 525 1384 neglectis
541 1302 675 1376 Iuliani,
697 1293 743 1362 ac‘
755 1311 885 1360 senatus
1087 1307 1123 1367 in
1135 1309 1207 1368 AV.
1220 1317 1253 1369 et
1269 1311 1338 1372 An.

142 1405 259 1478 minis,
304 1427 321 1466 a
353 1405 470 1488 quibus
496 1403 658 1498 judicatus
691 1399 794 1464 hostis
825 1412 886 1472 est,
1247 1405 1250 1417 ¹

142 1505 232 1570 oaesi
248 1506 431 1570 Pertinacis
454 1527 489 1568 se
510 1506 631 1590 ubique
657 1500 820 1566 vindicem
840 1498 888 1559 sc·
1008 1507 1339 1596 Animadvertendum
1356 1511 1531 1590 odnumon,
1555 1515 1610 1598 qni
1624 1519 1691 1600 pri.

143 1627 238 1682 rens,
269 1629 344 1671 cum
377 1603 646 1691 inconspectum
670 1601 762 1666 urbis
788 1597 886 1693 venit.
945 1607 1007 1670 mis
1032 1609 1147 1674 Severi
1170 1609 1261 1670 annis
1286 1610 1355 1674 llati
1380 1628 1472 1690 sunt,
1502 1617 1691 1700 complures

144 1709 227 1772 adeo
242 1723 398 1806 praesens
410 1723 520 1792 patres
533 1705 735 1790 perterruit,
757 1715 793 1765 ut
811 1719 887 1762 mox
946 1729 986 1770 ex
1003 1709 1053 1770 his
1071 1729 1143 1771 esse
1157 1710 1301 1774 fabricae
1319 1713 1480 1791 rudioris,
1512 1729 1545 1778 et
1564 1715 1692 1800 epigra-

144 1807 296 1874 abdicsto
312 1812 458 1888 loliano,
481 1824 514 1872 et
531 1807 663 1891 dilapsis
682 1825 744 1891 per
765 1817 887 1865 metum
945 1811 1032 1892 phen
1056 1830 1153 1895 saepe
1175 1813 1316 1886 luxatam
1340 1814 1480 1890 offerre,
1503 1815 1551 1879 sic
1568 1832 1605 1880 ut
1629 1839 1691 1902 pro

143 1912 363 1994 praetorianis
388 1915 429 1976 ed
453 1933 568 1976 necem
592 1908 706 1972 adacto
729 1903 888 1968 Kalendis
945 1913 1162 1976 PER'1¹,n0n
1188 1935 1263 1976 mo
1287 1917 1604 1994 PEnc'1¹,1³flTE,‚
1636 1933 1692 1980 aut
1775 1983 1781 1996 .

96 2005 98 2012 ¹
145 2015 235 2089 Iun..
265 2005 320 2076 aut
339 2015 392 2076 die
406 2015 556 2096 proximo
574 2013 614 2079 V.
633 2013 669 2073 C.
686 2007 748 2089 odit
774 2004 888 2067 omne!
947 2011 1044 2074 aliter
1060 2013 1200 2096 legatur.
1235 2015 1398 2108 Quocirca
1416 2016 1691 2103 dubitorinequit,

145 2133 220 2176 eum
238 2113 272 2174 in
288 2115 370 2178 orbe
388 2115 521 2177 ordines
537 2113 770 2198 imperatorem
790 2127 890 2191 agno·
947 2133 1005 2177 eos
1027 2113 1148 2176 alicubi
1168 2128 1258 2176 extra
1280 2116 1396 2178 urbem
1417 2137 1490 2180 esse
1505 2140 1691 2202 percussos.

144 2223 289 2277 scercnt.
335 2217 456 2298 Pagius
481 2213 554 2276 idus
581 2213 713 2298 Apriles
746 2209 887 2274 natalem
947 2215 1105 2296 Ejusdem
1121 2215 1692 2300 modisuutetiamsynoltroninomi

144 2315 277 2401 imperii
294 2317 409 2380 Severi
423 2316 590 2378 constituit
606 2311 650 2395 l³).
948 2315 1154 2392 caracallae,
1186 2317 1314 2378 etitem
1335 2321 1504 2396 Damone,
1533 2321 1692 2406 sedqoos
1760 2337 1766 2352 ·

702 2412 707 2423 “
948 2429 1074 2478 constat
1085 2417 1199 2492 etiam,
1214 2419 1328 2502 primis
1340 2422 1456 2483 Severi
1471 2423 1561 2486 annis
1571 2421 1691 2486 malleo

320 2525 358 2585 V.
382 2525 414 2584 C.
435 2527 508 2586 stc.
531 2524 567 2582 Ρ.
589 2523 630 2584 Χ.
656 2525 726 2584 193.
948 2513 1050 2576 tuisse
1067 2515 1248 2598 subjectos,
1274 2534 1310 2581 ut
1325 2521 1464 2590 dicetur.
1502 2523 1505 2532 “
1580 2571 1583 2578 ,

220 2623 282 2683 TR.
299 2625 393 2686 Por.
411 2625 499 2684 008.
517 2624 617 2688 DES.
633 2621 779 2682 11.1M1³.
792 2619 819 2678 1.
1225 2661 1245 2703 4
1309 2621 1328 2660 *
1391 2667 1411 2705 p

148 2727 185 2800 Q.
208 2724 305 2785 Sosio
328 2725 485 2802 Falcone,
517 2726 548 2783 C.
570 2725 655 2785 Iulio
685 2723 805 2782 Erucio
826 2737 890 2780 cos.
1097 2725 1139 2783 Vt
1157 2726 1204 2786 lit.
1222 2729 1263 2788 A.

948 2821 1182 2916 AEQVtras.
1201 2828 1240 2886 11.
1263 2829 1380 2888 Mulier
1388 2839 1477 2889 stans
1484 2833 1514 2889 d.
1526 2831 1692 2904 hilaram,

208 2925 373 2988 Auctores
389 2923 499 2989 caedis
507 2913 687 2988 Pertinacis
697 2917 894 2986 mortemul·
950 2947 976 2986 a.
994 2929 1214 3004 cornucopiam
1237 2929 1308 2990 AR.
1330 2931 1431 3012 (Mus.
1450 2931 1542 2994 Caes.
1561 2942 1593 2991 et
1609 2950 1695 2992 com.

147 3039 215 3102 tat,
238 3027 362 3090 accitos
380 3005 423 3088 ex'
446 3027 529 3090 urhe
545 3025 770 3111 praetorianos
793 3019 894 3085 occisi
953 3025 994 3088 de
1011 3024 1146 3106 Vitzai.)

149 3127 350 3203 Pertinacis,
388 3143 422 3188 et
446 3113 575 3190 venditi
608 3128 733 3189 Iuliano
763 3121 895 3206 imperii
1009 3127 1694 3211 Singularemhuncnomumolimedidid).

147 3247 226 3291 reos
253 3227 503 3311 armisspoliat‚
534 3243 567 3314 et
587 3230 620 3290 in
641 3227 775 3290 exilium
793 3223 893 3306 ejicit.
954 3225 1064 3290 Offert
1089 3227 1116 3288 is
1136 3231 1340 3316 Aequitatem
1363 3233 1519 3315 perinde,
1549 3253 1587 3296 ac
1613 3233 1696 3295 lihe-

149 3327 326 3422 Magnilico
347 3331 520 3405 comitatu,
551 3331 638 3392 inter
652 3330 773 3391 faustas
791 3327 894 3388 accla-
951 3329 1112 3390 ralitatem
1139 3350 1200 3412 per
1221 3353 1377 3395 numeros
1405 3334 1585 3417 digestam,
1607 3335 1696 3420 quod

148 3433 310 3494 mationes
328 3431 443 3492 urbem
460 3431 655 3516 ingreditor.
678 3427 829 3494 Clodium
839 3425 895 3488 At·
951 3447 1059 3512 neque
1069 3429 1300 3510 Modiobarbo,
1323 3453 1430 3518 neque
1447 3434 1695 3501 Vaillantiofuit

147 3531 263 3596 binum
289 3531 477 3595 Britanniae
493 3531 700 3594 Praefectum
720 3531 893 3594 Caesarem
941 3529 1172 3610 observatum.
1202 3534 1326 3598 Verum
1347 3535 1419 3617 quis
1443 3536 1485 3596 sit
1511 3535 1696 3618 duplicatae

149 3633 305 3718 appellat.
347 3633 494 3696 Provisis
516 3632 615 3694 rebus
638 3629 789 3695 omnibus
809 3630 894 3690 intra
952 3629 1048 3710 h'ujus
1073 3633 1254 3716 Aequitatis
1270 3637 1404 3708 scnsds,
1426 3655 1493 3696 non
1520 3635 1696 3718 adsequor.

147 3734 357 3819 trigesimum
382 3733 489 3810 diem,
520 3755 613 3819 quam
632 3737 769 3795 llomsm
796 3747 895 3792 vene·
953 3731 1059 3792 Etiam
1092 3733 1177 3794 alter
1210 3754 1282 3795 cum
1316 3732 1431 3796 eadem
1464 3753 1597 3807 aversa,
1637 3733 1695 3795 scd

148 3851 218 3912 rat,
240 3837 275 3898 in
283 3833 454 3897 Orientem
472 3835 513 3896 ad
526 3833 790 3920 persequendum
803 3833 894 3896 bello
952 3833 1111 3908 Romnae,
1127 3847 1231 3896 exstat
1246 3834 1279 3894 in
1299 3854 1412 3896 museo
1422 3836 1593 3909 Caesareo,
1607 3847 1695 3894 otor-

151 3939 292 4024 Nigrum
310 3935 531 4022 proficiscitur
547 3935 587 4015 c).
646 3983 649 3992 .
953 3953 1016 4018 que
1035 3933 1285 4019 integerrimus,
1308 3935 1368 3998 sed
1381 3934 1524 4000 fabricae
1541 3933 1696 4007 rudioris,

952 4039 1057 4125 qualis
1076 4035 1222 4100 di'xeram
1237 4057 1310 4101 esse
1326 4057 1443 4102 numos
1456 4035 1697 4120 primisSereri

148 4145 188 4204 A.
291 4141 379 4204 tMP.
395 4141 490 4205 CAE.
501 4143 540 4206 1..
553 4141 645 4204 SEP.
664 4140 893 4236 δβνιΡΕΒῬ.
953 4142 1044 4205 annis
1063 4141 1220 4224 signatos.

294 4240 395 4309 Avo.
445 4247 544 4324 Caput
560 4247 740 4305 laureatum
763 4247 799 4306 irs
821 4247 893 4306 AV.
1317 4239 1336 4278 ⁴¹
1398 4285 1418 4323 „

294 4347 364 4406 An.
381 4347 544 4407 radiatum
560 4349 596 4406 in
611 4349 682 4406 Aa.
700 4347 745 4404 ΙΙ.
1097 4347 1139 4404 Vt
1159 4344 1208 4403 lit.
1221 4282 1262 4402 al.
1286 4337 1340 4404 'trel
1352 4345 1388 4402 B.

150 4450 189 4508 Β.
289 4445 382 4506 ῙΜΡ.
417 4443 539 4507 CAES.
569 4447 610 4510 L.
646 4445 768 4540 ξΕΡΤ.
799 4441 894 4512 SEV.
952 4443 1198 4508 FlDEl.LEG.
1221 4445 1290 4505 ΤΒ.
1308 4444 1344 4504 Ρ.
1363 4441 1457 4505 COS.
1480 4443 1699 4504 Mulierslans

188 4684 219 4750 a)
240 4681 338 4758 Spart.
360 4701 385 4738 c.
401 4691 428 4743 5.
469 4680 529 4758 ,b)
550 4679 650 4739 Critio.
671 4680 705 4741 T.
725 4679 746 4740 1.
767 4701 795 4759 p.
815 4655 950 4755 184i189·
1021 4681 1051 4752 c)
1070 4679 1126 4737 Dio
1143 4675 1176 4737 L.
1190 4675 1323 4758 thttv.
1343 4680 1368 4749 ᾗ.
1384 4689 1411 4734 1.
1430 4674 1590 4734 Herodian.
1609 4637 1698 4750 sparss

155 4771 224 4830 tiso.
301 4771 337 4845 d)
358 4769 477 4850 Sylloge
493 4769 515 4830 l.
535 4789 566 4847 p.
583 4780 649 4835 tce.
