4224 5506
335 533 340 552 .
410 489 479 558 tte

492 638 494 642 ’
549 653 823 722 mediredintem,
838 651 972 710 altentoe
987 649 1148 720 muliebre,

547 759 639 832 cujus
652 755 776 830 pectori
792 755 900 832 adfice
910 751 1009 830 pella.

407 856 574 920 Pterts.
602 854 702 920 tvo.
719 854 756 913 P.
773 856 817 913 tt.
836 854 905 913 'tlt
923 853 960 912 P.
979 883 993 896 ·
1009 883 1022 896 ·
1037 883 1052 898 ·
1079 856 1153 914 tte-¹

1003 455 1377 537 COMMODVSJ'

1206 647 1335 710 excelle
1363 655 1446 710 tecta
1470 655 1578 722 ctera,
1610 648 1793 725 proculus
1814 622 1954 724 pedibus

1206 751 1274 822 leo,
1307 769 1332 810 r.
1357 751 1486 810 rituum
1509 756 1668 821 oeteutet3
1698 748 1774 806 tete
1797 749 1953 807 odrerm
2008 773 2016 788 ·

1207 851 1359 915 Herculea
1381 852 1485 910 nudes
1508 851 1590 928 pede
1605 866 1725 926 prorae
1738 849 1835 907 neeis
1856 849 1956 920 leme-

406 963 466 1022 lt'rr
490 961 601 1020 eedem
627 956 819 1015 meditanti
843 955 964 1032 Infanti
985 955 1066 1034 quid
1074 974 1148 1033 pots
1196 948 1285 1026 etro,
1307 971 1334 1014 t.
1349 951 1475 1012 clocam
1492 971 1585 1030 cuper
1599 952 1682 1010 'staur'
1698 957 1800 1023 tenet,
1822 955 1956 1028 uterque

405 1064 492 1142 ript't.
522 1059 592 1120 ΑΕ.
610 1077 694 1118 max.
714 1053 802 1116 mod.
831 1055 928 1134 (tte-g.
945 1053 1047 1133 Gall.)

468 1159 667 1224 Numismata
684 1153 814 1216 maximi
830 1154 953 1216 moduli
971 1153 1082 1235 hujus,
1114 1169 1147 1218 et

405 1259 570 1346 sequentis
584 1257 658 1320 anni
676 1275 742 1318 nott
759 1275 834 1334 rapo
862 1269 957 1338 ceput
976 1257 1147 1322 Commodi

406 1383 479 1426 cum
505 1358 657 1424 muliebri
683 1357 829 1438 jugatum
861 1353 1013 1420 offerunt.
1057 1359 1147 1422 Istud
1194 1409 1197 1416 .

406 1465 567 1548 galeatum
603 1457 797 1542 plerumque
825 1469 891 1532 est,
920 1457 1152 1543 creditumque

406 1561 609 1647 antiquariis,
650 1558 709 1620 illo
731 1555 870 1640 effigiari
893 1557 1046 1618 Marciam
1070 1579 1146 1620 con·

405 1664 553 1726 cubinam
566 1705 574 1736 ,
597 1679 691 1744 quant
702 1657 830 1741 perdite
842 1657 1028 1740 deperibat,
1051 1679 1145 1742 pree·

404 1766 499 1846 cipue
514 1763 547 1824 in
566 1759 737 1824 Amazonis
750 1757 880 1834 habitu,
903 1777 968 1846 quo
986 1759 1143 1843 camlingi

403 1865 597 1948 plerumque
619 1861 722 1924 voluit
737 1861 784 1941 ⁸),
813 1873 846 1924 et
858 1881 953 1942 quam
971 1873 1059 1922 tanto
1075 1863 1144 1944 qui·

404 1963 478 2026 dem
498 1983 597 2045 opere
609 1962 671 2025 hoc
691 1963 782 2025 cultu
798 1961 929 2035 dilexit,
951 1974 987 2028 ut
1002 1963 1142 2044 primum

403 2063 477 2126 anui
496 2083 640 2124 mentem
666 2062 705 2124 ab
723 2081 760 2124 ca
775 2067 989 2126 Amazonium
1004 2068 1145 2143 appelle-

401 2177 449 2230 ret
463 2163 513 2246 b),
535 2163 732 2226 Amazoniae
746 2145 886 2247 imagine
904 2163 1014 2226 literas
1037 2165 1145 2248 obsig-

401 2279 496 2328 naret
511 2263 556 2344 c),
594 2263 665 2348 ipse
683 2265 863 2326 Amazonio
890 2265 1002 2326 babitu
1025 2265 1058 2326 in
1074 2287 1144 2328 erc-

400 2387 473 2428 nam
499 2364 735 2440 descenderet,
756 2367 928 2428 Amazonii
945 2367 1007 2428 sibi
1024 2387 1144 2429 nomen

399 2466 693 2548 indescriptos),
725 2463 891 2550 illudque,
922 2467 984 2530 etsi
1008 2467 1079 2528 aliis
1105 2469 1144 2528 ti·

399 2557 865 2642 tulisinter-‹tum‘rbnineret,
885 2568 1141 2630 omitteretnun·

399 2687 495 2752 quem
511 2669 550 2750 e).
578 2669 660 2730 Esse
676 2669 1034 2756 caputiatudgaleatum
1046 2673 1141 2735 Com·

400 2769 570 2832 medianae
605 2767 702 2850 hujus
728 2771 891 2850 Marciae,
922 2773 1011 2858 quod
1034 2773 1138 2836 visum

398 2869 557 2940 eruditis,
591 2871 771 2934 verisimile
796 2874 887 2950 satis,
920 2875 982 2938 etsi
1003 2874 1138 2936 aliarum

398 2971 650 3052 explicationum
683 2987 770 3036 esset
792 2975 937 3056 patiens;
968 2989 1078 3036 tamen
1104 2973 1138 3034 in

396 3084 569 3151 praesente
584 3093 683 3134 numo
697 3085 819 3135 certam
838 3075 1140 3166 exhiberi‘Amaeo·

396 3187 492 3243 nem,
529 3171 638 3252 arguit
648 3172 747 3266 ⁸pelta
772 3172 842 3253 ejus
874 3173 978 3238 adfixa
997 3175 1137 3259 pectori,

396 3289 492 3352 quam
522 3269 623 3332 fuisse
648 3272 817 3354 proprium
842 3275 1043 3336 Amazonum
1071 3277 1137 3356 cly-

395 3388 494 3452 peum
519 3383 654 3434 constat.
700 3373 810 3456 Capita
835 3375 1003 3460 utriusque
1028 3374 1137 3458 jugata

395 3483 528 3556 praeter
552 3489 609 3544 ea,
638 3493 720 3556 quae
737 3493 892 3556 praesens
904 3497 1021 3537 numus
1040 3477 1135 3550 sistit,

396 3567 510 3632 videre
537 3569 642 3634 adhuc
669 3586 720 3636 est
740 3573 772 3636 in
797 3575 903 3636 numia
920 3575 1051 3638 maximi
1069 3597 1137 3640 mo·

395 3669 464 3732 duli
479 3671 568 3754 regis
586 3674 764 3738 Galliarum
784 3675 848 3738 tab.
865 3675 972 3754 Xlll.,
994 3677 1028 3738 in
1049 3681 1137 3740 Buo·

395 3773 531 3834 narrotii
559 3773 732 3840 Observat.
763 3775 837 3838 hist.
870 3799 943 3860 pag.
976 3800 1064 3856 rt7.,
1101 3782 1136 3841 in

396 3873 561 3948 Vediantii
591 3877 705 3938 Numis
739 3893 857 3960 praesti
900 3884 939 3942 ¹1¹.
962 3881 1018 3941 111.
1056 3880 1135 3942 edit.

393 3976 489 4038 Rom.
516 3996 548 4058 p.
567 3975 645 4052 tuit,
686 3977 718 4037 in
744 3983 857 4042 Museo
888 3979 1036 4042 Florent.
1069 3980 1133 4044 tab.

393 4073 545 4152 XLVIL,
567 4075 602 4136 in
619 4079 734 4140 Museo
744 4079 859 4142 albani
882 4080 1133 4152 tamilllxvlll.

671 4219 691 4259 ι
754 4179 774 4218 Ι

536 4281 577 4338 Vt
598 4282 649 4340 lt'l.
663 4283 703 4340 A.

393 4371 1136 4464 rnovrneurmsmvc.nutrereuptane

835 4224 856 4264 ὓ

1205 1055 1370 1118 decreram
1386 1072 1453 1112 ena
1469 1071 1540 1114 cem
1560 1055 1650 1131 spica
1672 1053 1854 1130 conjueyit.
1881 1048 1952 1109 AR.

1204 1154 1274 1214 ΑΕ.
1293 1152 1317 1212 1.
1350 1151 1448 1230 (Mus.
1469 1153 1578 1232 Caes.)

1266 1253 1358 1314 Haec
1376 1257 1584 1315 Prouidentia
1594 1257 1678 1334 Any.
1695 1251 1954 1314 excruditorum

1204 1355 1365 1418 sententia
1387 1354 1524 1417 classem
1540 1354 1727 1418 Africanam
1748 1367 1841 1416 notat
1857 1350 1955 1414 edre·

1203 1455 1312 1520 hendo
1328 1455 1492 1517 frumento
1508 1453 1711 1530 destinatam,
1734 1454 1775 1516 de
1794 1475 1858 1538 qua
1876 1475 1955 1515 mox

1202 1559 1298 1622 inira.
1333 1549 1510 1638 Elephanti
1528 1553 1683 1630 exuviae,
1713 1556 1869 1630 sistrum,
1899 1556 1953 1616 leo

1204 1659 1358 1721 attributa
1384 1669 1459 1718 sunt
1478 1655 1610 1740 propria
1623 1659 1793 1740 Aegypto,
1817 1669 1851 1718 et
1868 1657 1956 1718 Alti-

1202 1780 1260 1823 cae
1289 1759 1464 1844 propriae,
1494 1777 1576 1840 quac
1592 1757 1688 1820 luere
1705 1759 1797 1820 urbis
1820 1758 1954 1819 horrea.

1200 1863 1274 1944 lpse
1305 1882 1382 1924 vero
1406 1857 1622 1935 Commodus,
1653 1871 1688 1921 ut
1716 1873 1788 1920 erat
1808 1858 1950 1920 testibus

1199 1961 1275 2022 anni
1285 1965 1449 2046 sequentis
1460 1966 1567 2028 cumis
1580 1965 1733 2027 Hercules
1741 1965 1863 2024 Itomae
1871 1982 1948 2024 con·

1199 2066 1302 2140 ditor,
1339 2063 1373 2126 io
1402 2065 1466 2128 hoc
1498 2087 1597 2132 numo
1620 2063 1756 2148 fingitur
1787 2061 1947 2123 Herculis

1199 2163 1290 2225 cultu
1309 2165 1418 2228 missis
1440 2167 1679 2251 ad'petendam
1704 2183 1867 2226 annonam
1894 2183 1951 2222 ne·

1198 2263 1311 2342 vibus,
1343 2287 1480 2350 queram
1497 2290 1592 2330 unam
1624 2265 1709 2351 pede
1735 2263 1862 2338 calcet,
1886 2283 1954 2324 no·

1200 2385 1260 2428 vae
1277 2367 1426 2432 coloniae
1444 2371 1529 2431 ‘suae
1546 2367 1738 2453 providens.
1779 2367 1854 2426 Huc
1874 2383 1950 2446 per-

1200 2467 1303 2530 tinent
1327 2487 1383 2546 ea,
1409 2489 1491 2554 quae
1507 2470 1709 2532 olim-causa
1737 2466 1961 2549 largitionum.

1200 2567 1498 2645 sementariarum,
1521 2591 1600 2655 quas
1616 2571 1836 2654 imperatores
1850 2587 1949 2651 saepe

1197 2671 1302 2733 varias
1332 2671 1367 2732 in
1391 2671 1491 2733 urbes
1511 2672 1700 2747 contulere,
1741 2668 1783 2732 ad
1811 2689 1949 2732 numum

1198 2775 1394 2832 Tarsensem
1440 2771 1634 2858 inscriptum
1679 2768 1866 2844 CGlTOC,
1916 2784 1952 2830 et

1197 2871 1296 2932 alium
1337 2871 1521 2936 Laodiceae
1552 2874 1667 2958 Syriae
1705 2871 1806 2936 latius
1842 2871 1953 2956 dispu-

1197 2973 1262 3038 tati
1286 2971 1324 3054 ¹).
1879 2993 1886 3004 ·

1338 3279 1380 3338 tt
1400 3279 1449 3339 lit.
1466 3282 1509 3341 A.

1194 3377 1408 3440 SERAPlDl.
1432 3377 1651 3446 CONSERV·
1674 3373 1777 3444 th.
1814 3379 1948 3458 Serapis

1193 3485 1502 3556 erectaerecta,
1529 3501 1556 3543 a.
1572 3483 1713 3542 lectam.
1748 3481 1822 3543 att.
1847 3481 1947 3560 (Mus.

1194 3581 1302 3656 Caes.)

1255 3681 1372 3744 Fuine
1399 3681 1616 3748 Commodum
1641 3683 1873 3767 superstitioni
1887 3685 1962 3748 Ae-'

1193 3782 1377 3866 gyptiorum
1400 3783 1520 3846 obnixe
1538 3783 1705 3848 addictum
1723 3830 1733 3860 ,
1755 3797 1879 3846 testem
1895 3783 1952 3845 lta·

1191 3883 1307 3946 bemus
1335 3885 1580 3968 Lampridium,
1616 3884 1674 3970 qui
1698 3887 1847 3948 coluisse
1869 3865 1952 3948 eum

1191 4005 1281 4046 sacra
1298 3983 1412 4060 Isidis,
1437 3987 1597 4049 etrasisse
1614 4001 1733 4070 caput,
1751 4001 1785 4048 et
1797 4001 1947 4068 gestasse

1190 4083 1321 4146 Anubin
1352 4087 1466 4150 refert.
1512 4089 1607 4168 Ergo
1633 4088 1667 4150 in
1690 4103 1824 4171 partem
1847 4087 1953 4150 hono·

1190 4187 1236 4248 ris
1257 4185 1347 4248 venit
1378 4201 1411 4250 et
1443 4189 1576 4272 Serapis
1607 4190 1697 4252 inter
1715 4189 1889 4276 principes
1914 4189 1949 4249 in

1192 4289 1342 4370 Aegypto
1355 4287 1435 4350 deos
1451 4290 1579 4366 cultus,
1603 4304 1637 4354 et
1653 4291 1709 4356 hic
1726 4311 1948 4376 quoquecott·

1190 4391 1363 4450 seruatoris
1376 4395 1520 4471 Auente·
1536 4411 1658 4456 nomen
1675 4392 1896 4478 promeritus.

391 4525 1940 4566 ---—-———------...-.....-...-.....

431 4597 647 4694 .a)1.amprid.
667 4625 731 4680 cap.
753 4621 795 4665 tt.
858 4608 892 4681 t»)
912 4611 967 4666 Dio
986 4611 1018 4670 L.
1038 4615 1157 4673 LXXII.
1177 4619 1204 4687 §.
1223 4627 1266 4678 ts.
1337 4621 1367 4692 e)
1387 4619 1549 4698 Capitolia.
1570 4623 1601 4680 itt
1616 4621 1738 4681 Albino.

392 4683 470 4757 rel
487 4684 506 4740 ¹·
524 4705 549 4743 c·
583 4707 587 4714 ⁴
623 4695 652 4758 e>
671 4691 727 4748 Dio
746 4693 766 4754 1.
786 4715 810 4752 e.
882 4697 1027 4767 onom.
1047 4704 1114 4766 vot.
1128 4705 1180 4766 ut.
1199 4725 1229 4782 p.
1249 4715 1293 4773 η.
1313 4717 1342 4766 et
1358 4717 1420 4772 321.

1805 4621 1951 4728 eitam-
