4220 5504
440 495 514 570 ott
555 591 561 610 '
952 469 1477 553 DIADVMENIANVS.

435 676 521 747 tate,
545 674 580 726 ut
598 655 794 726 claritudine
812 676 868 720 aua
886 655 1057 720 oculorum
1074 657 1178 720 aciem
1236 657 1499 744 persequendum
1514 657 1690 742 Apameam
1712 677 1910 743 progrcarur
1930 680 1981 724 ea·

435 763 650 838 obtunderet,
681 780 723 824 ue
742 759 777 822 iu
797 757 988 824 Caesaribus
1003 767 1179 844 appareant
1239 773 1289 824 aet
1315 761 1497 837 Mauricae,
1535 759 1658 836 lilium,
1687 759 1749 822 etei
1769 761 1899 824 uouniai
1927 759 1985 826 de·

434 859 658 930 obscurieaimi
677 859 826 946 generis,
850 879 1059 946 morumque,
1082 871 1115 923 et
1130 859 1179 921 ul·
1237 862 1359 926 dmum
1377 881 1496 926 anuum
1511 874 1634 946 egeret,
1657 861 1892 944 imperatorem
1909 880 1983 926 erte

430 951 533 1028 ⁴timae
560 961 710 1026 infamiae
731 959 863 1024 cordes!
895 959 1063 1044 Principio
1079 956 1179 1022 artili·
1233 961 1460 1028 renunciatum
1475 959 1518 1044 d).
1549 961 1637 1057 Quin
1661 975 1696 1025 et
1716 961 1751 1024 iu
1777 977 1835 1024 oua
1859 961 1900 1025 ad
1928 985 1983 1047 pa·

433 1066 520 1128 cium
539 1085 558 1126 e
574 1077 651 1128 voto
668 1065 777 1128 ceruit.
807 1063 890 1124 Nam
905 1060 1177 1146 propositouovo
1233 1075 1318 1126 trem
1351 1063 1506 1147 epietola,
1549 1083 1646 1148 quam
1680 1061 1798 1125 recitat
1826 1063 1979 1146 Lampri-

402 1167 497 1230 ·hec
525 1165 689 1228 Antonino
715 1161 908 1226 adclamavit
933 1159 1048 1224 miles:
1076 1167 1177 1224 Anto·
1234 1161 1306 1228 diua
1323 1165 1370 1246 εΞ).
1412 1165 1560 1250 arripuit:
1598 1165 1691 1230 Patri
1715 1171 1865 1246 Aopurto
1891 1167 1980 1247 filiae

432 1271 737 1340 renuntiaremus,
768 1267 877 1327 omnio
900 1265 1050 1324 habentur
1072 1274 1121 1324 etc
1136 1262 1175 1340 ¹).
1232 1270 1409 1348 Aequam,
1460 1269 1631 1330 Honorem
1669 1265 1757 1329 hune
1793 1263 1889 1326 numi
1919 1283 1983 1326 uon

434 1369 477 1432 At
491 1388 557 1430 uon
568 1367 756 1452 multopoat
773 1365 857 1428 male
871 1362 1074 1426 materiatum
1088 1363 1175 1426 bunc
1232 1373 1338 1458 pauci,
1362 1373 1421 1436 ced
1444 1369 1615 1437 commatis
1631 1363 1811 1450 peregrini,
1835 1385 1875 1428 ac
1893 1381 1983 1448 prae·

431 1468 633 1538 Antoninum
650 1467 733 1528 alter
749 1465 865 1528 cimilia
893 1463 1060 1546 compagis
1075 1464 1175 1528 Auto-
1231 1473 1326 1557 cipue
1341 1473 1599 1546 Antiochenses,
1627 1481 1661 1530 et
1684 1466 1823 1552 inriguis
1846 1463 1978 1546 Thyati-

430 1569 527 1632 niuua
551 1581 691 1634 evertet.

494 1671 530 1732 ln
547 1686 646 1730 numo
662 1671 826 1752 bogarum
845 1661 980 1728 Ciliciae
996 1663 1175 1748 epudHay·

427 1769 527 1831 mium
550 1767 604 1830 hic
621 1769 740 1832 Caecar
764 1765 837 1830 eolo
860 1767 1019 1830 Antonini
1041 1767 1173 1832 numine

429 1867 603 1934 indicetur.

614 2089 844 2154 Nobilietiotur
865 2087 992 2150 casaur.

487 2273 656 2336 Hactenua
681 2271 735 2335 hic
757 2269 871 2334 titulun
897 2292 916 2333 a
939 2281 1069 2334 moneta
1094 2291 1171 2354 qua·

353 2391 356 2398 ’
426 2394 555 2460 cunque
578 2371 735 2448 extorria,
773 2372 834 2434 etei
858 2371 959 2434 illum'
976 2369 1040 2452 jam
1067 2374 1170 2436 Getae

345 2469 349 2480 ’
426 2474 571 2538 tribuant
589 2492 769 2548 marmora,
799 2485 835 2534 ut
858 2469 1009 2536 vidimata.
1039 2471 1170 2538 Primue

426 2575 460 2635 in
480 2573 605 2647 numia,
628 2573 686 2635 aed
701 2574 868 2636 commatis
884 2573 1070 2656 peregrini,
1093 2575 1170 2637 Dia·

427 2673 898 2758 damonianuaeicappellutur‚
921 2693 1166 2758 quorumuuum

426 2771 610 2836 Laodiceae
633 2774 782 2837 coloniae
805 2772 907 2835 edidit
922 2775 1097 2858 Belleyua‚
1119 2777 1167 2838 in·

281 2963 286 2976 ¹
326 2869 331 2880 '
398 2877 400 2882 '
425 2875 601 2958 scriptume
623 2875 725 2938 Nou.
743 2873 863 2936 anS.
878 2873 923 2956 b).
953 2875 1048 2940 addo
1065 2877 1190 2942 alium=

425 2975 576 3036 coloniae
605 2973 783 3038 Caeaareae
811 2975 1023 3038 Samaritidoa
1051 2997 1166 3040 mueeo

426 3075 585 3134 Caeaareo
606 3095 712 3156 nuper
741 3075 884 3144 illatum,
913 3073 1023 3136 addito
1047 3075 1107 3138 eub
1129 3077 1166 3140 fl·

425 3189 521 3230 nem:
555 3171 594 3232 Ν.
612 3173 675 3232 cl.
710 3174 831 3235 Procul
861 3167 1040 3258 dubio'qui
1067 3179 1164 3238 Anto·

425 3269 535 3340 trinua,
558 3265 644 3330 idem
662 3283 695 3331 et
709 3269 940 3334 nobiliaeimua.
963 3273 1081 3337 Graeci
1100 3281 1165 3340 Νο-

426 3371 615 3431 biliarimunr
633 3371 806 3432 Caesarem
822 3385 993 3437 verterunt
1017 3375 1167 3454 Emonia·

430 3487 541 3528 cruror
561 3469 726 3548 Καισαρα,
764 3482 800 3536 ut
820 3471 888 3538 dixi
913 3475 947 3540 iu
968 3477 1075 3540 numi!
1099 3465 1164 3543 Anss

425 3567 525 3632 tiocbi
541 3569 596 3638 lV.
612 3571 727 3655 Syriae
741 3573 841 3660 regit.

683 3800 910 3876 Anacreon.

486 3975 1031 4045 PluribuslociaDiadumenienunt
1040 3979 1161 4048 diserte

412 4072 641 4154 'imperatorem
656 4079 798 4162 appellat
815 4076 880 4145 Dio
896 4086 937 4160 ο).
971 4084 1060 4146 Alibi
1082 4099 1164 4148 tem·

423 4197 484 4260 pus
504 4174 654 4240 distincte
670 4179 777 4256 docet,
798 4182 950 4246 nimirum
965 4199 1083 4270 coepto
1097 4187 1162 4268 jam

423 4273 795 4363 advertuaElagabalum
808 4283 909 4359 bello,
932 4305 1007 4350 cum
1024 4286 1162 4354 adhunc

1229 1593 1328 1638 renue
1360 1576 1447 1659 apud
1473 1570 1690 1637 Pellcrinium
1710 1565 1735 1650 s)
1773 1565 1978 1642 confirmant,

1229 1672 1265 1736 in
1278 1673 1398 1760 quibua
1422 1673 1544 1739 dicitur
1558 1665 1666 1732 ΑΤΤ.
1684 1669 1726 1734 Κ.
1749 1667 1863 1732 addito
1883 1669 1978 1732 etiam

1228 1793 1460 1862 nonnunquam
1490 1771 1585 1840 (ΖΕΒ.
1623 1786 1658 1834 et
1692 1791 1818 1834 corona
1856 1770 1977 1840 laurea,

1229 1895 1312 1960 quoa
1328 1877 1444 1943 videre
1459 1889 1510 1940 ert
1528 1873 1614 1958 apud
1632 1870 1870 1946 Pallanteum,
1893 1871 1979 1936 Vri}-

1228 1977 1364 2041 lantium
1390 1977 1424 2040 iu
1450 1975 1617 2051 coloniis,
1646 1986 1680 2036 et
1701 1971 1736 2034 iu
1761 1990 1880 2034 museo
1901 1973 1976 2032 Cac-

1228 2099 1332 2144 tereo.
1352 2078 1494 2143 Romani
1515 2073 1686 2143 commatis
1705 2091 1779 2136 cum
1795 2070 1896 2134 titulo
1915 2073 1974 2133 Au·

1228 2179 1315 2262 guoti
1327 2181 1439 2244 uullua
1455 2191 1578 2254 exatat3
1601 2175 1715 2248 credo,
1738 2183 1897 2256 serpente
1914 2171 1971 2234 iam

1227 2277 1315 2342 inter
1338 2295 1515 2368 utrumque
1538 2276 1704 2350 aemulum
1728 2271 1841 2348 bello,
1874 2285 1909 2334 et
1931 2273 1975 2334 in·

1227 2383 1320 2444 cert'o
1328 2383 1417 2445 exitu
1433 2382 1569 2446 differre
1580 2373 1900 2440 eenatusconsultum
1912 2373 1975 2456 pla·
2074 2463 2075 2472 ἵ

1227 2481 1313 2558 cuit,
1343 2503 1409 2566 quo
1438 2480 1667 2560 collata·baec
1698 2469 1890 2538 aMacrino
1912 2474 1975 2556 alig·

1224 2582 1308 2644 nitar
1322 2582 1583 2658 confirmaretur,
1605 2581 1642 2642 irt
1662 2589 1732 2638 tum
1755 2572 1859 2637 moria
1876 2571 1972 2635 faianu

1224 2681 1396 2746 manifeste
1412 2685 1582 2768 colligitur
1593 2701 1635 2743 ex
1653 2677 1765 2740 Dione
1781 2677 1826 2754 t).
1856 2674 1971 2736 Paullo

1223 2797 1299 2866 port
1332 2785 1421 2848 ricto
1450 2795 1591 2868 utroque
1623 2801 1661 2844 ac
1691 2797 1792 2842 caeao
1824 2789 1970 2859 exempta

1221 2882 1404 2947 baeaitatio.
1429 2888 1537 2969 Atque
1553 2883 1635 2946 haec
1655 2900 1720 2941 uua
1744 2899 1845 2942 cauca
1860 2878 1966 2949 luerit,

1222 3003 1282 3046 cur
1311 2985 1351 3046 ab
1377 2984 1457 3068 iptio
1488 2984 1658 3048 veteribus
1697 2979 1898 3064 disputatum
1931 2979 1971 3040 sit

1221 3082 1365 3146 fueritne
1390 3083 1670 3148 Diadumeniauue
1695 3101 1843 3164 unquam
1864 3083 1965 3164 Augu·
2073 3151 2074 3158 χ

1221 3198 1290 3246 atus
1303 3183 1421 3262 dictus,
1444 3206 1526 3271 quoa
1539 3177 1627 3248 inter
1646 3181 1693 3246 sic
1703 3182 1907 3264 Capitolinus
1920 3177 1964 3260 ηε

1223 3287 1397 3350 Sciendum
1410 3299 1600 3368 praetereo,
1631 3289 1721 3370 qood
1738 3287 1857 3376 Caesar
1867 3287 1964 3363 suinae
2073 3301 2074 3319 ¹

1220 3389 1365 3461 dicatur,
1387 3408 1452 3450 oon
1467 3393 1634 3468 Aaronem
1648 3389 1868 3448 Diadumenus
1883 3405 1963 3463 poa,

1219 3506 1312 3567 quem
1326 3491 1473 3572 plerique
1492 3491 1571 3570 pari
1584 3491 1694 3570 suine
1714 3507 1788 3548 cum
1802 3495 1896 3566 patre
1916 3488 1965 3546 iar·

1215 3591 1308 3666 perio
1327 3592 1495 3652 dedidere.
1519 3573 1655 3652 Constat
1671 3587 1847 3659 nimirum,
1869 3584 1965 3648 adcla-

1219 3701 1342 3749 matum
1364 3701 1439 3751 eut'u
1462 3687 1603 3751 luiaeea
1628 3699 1773 3770 patr-eet
1805 3685 1961 3751 militibus,

1221 3785 1446 3852 aed-nondum
1475 3789 1615 3854 aoceeait
1641 3787 1807 3852 cententio
1831 3801 1961 3870 patron,
2072 3869 2073 3872 Ἴ

1220 3905 1258 3950 ec
1272 3891 1693 3971 proptereetergiveraatat
1710 3883 1962 3970 prorinciaaOJ·

1220 3985 1400 4072 cidentalea
1422 3987 1627 4070 dugueteum
1650 3991 1787 4052 titulum
1808 3987 1961 4051 diatuliaae

1220 4087 1381 4169 auapicor.
1417 4091 1535 4156 Exatct
1554 4089 1643 4175 apud
1669 4110 1731 4152 noe
1757 4085 1961 4156 vindobonae

1219 4187 1332 4250 nobile
1349 4209 1494 4253 marmor
1508 4188 1576 4274 jam
1597 4213 1616 4256 a
1630 4191 1826 4256 marchione
1839 4187 1961 4254 bleiseio

1220 4289 1386 4372 vulgatum
1409 4285 1456 4368 i)t

435 4437 1959 4476 Μ

300 4483 306 4494 ’
460 4495 814 4594 erumpiturauna.
836 4549 861 4586 ο.
882 4543 905 4589 t.
979 4533 1014 4605 t)
1034 4537 1172 4596 nemu.
1193 4537 1224 4594 t.
1244 4539 1329 4600 rom.
1349 4539 1456 4598 xxtu.
1525 4545 1557 4613 ο)
1577 4541 1609 4598 t.
1630 4541 1797 4600 uxxvut.
1818 4543 1960 4617 §taran
2071 4507 2072 4510 Ὺ

425 4601 659 4672 dimid-oet·
749 4617 779 4684 e)
800 4617 916 4688 Cau-e.
986 4625 1210 4704 ‚ttttettp
1231 4641 1291 4690 roo.
1384 4629 1469 4706 g)L.
1491 4629 1626 4692 txxtx.
1647 4639 1804 4707 §.t-eto.
1887 4630 1961 4700 h)·n

427 4691 514 4768 llacr3
533 4712 557 4750 r.
577 4705 619 4755 to.
692 4697 716 4771 i>
735 4701 810 4760 Mur.
825 4703 934 4765 Verou.
952 4729 984 4788 p.
1003 4722 1065 4776 πίῃ.
