4178 5486
127 681 264 744 Constat
290 673 428 752 deinde,
450 673 492 739 ad
513 675 745 794 imperatorem
771 681 873 765 perti·
929 681 1047 764 Coepit
1068 702 1169 748 annus
1192 680 1221 746 Δ
1242 697 1384 750 exeunte
1407 688 1675 774 augunosvmc
1726 737 1729 744 -

121 777 236 844 nuisre
261 779 312 862 jus
334 776 483 861 signandi
505 781 576 843 auri
597 783 808 868 argentique,
831 783 871 846 nd
933 801 1012 866 toop
1044 787 1082 845 Ρ.
1110 785 1151 846 Χ
1182 787 1264 864 abb,
1294 802 1326 854 et
1358 811 1459 852 onnus
1491 793 1516 852 Z
1558 794 1675 862 eodem

102 895 274 978 'senatum
296 881 404 956 aeris,
436 881 553 942 ande
544 902 578 943 ιιι
598 899 753 968 promptu
772 887 870 963 retro,
928 903 1042 948 mense
1063 886 1103 950 V·
1125 889 1162 952 C.
1185 906 1264 951 tots
1292 891 1330 952 P
1344 891 1389 951 Χ.
1413 890 1493 971 ιδι),
1517 913 1582 977 quo
1604 893 1678 978 ipso

124 993 518 1064 curexsretargentens,
542 983 871 1068 quisaloninurnAo·
928 987 1587 1078 eumannosnbindeeaesnmdiximus.
1614 997 1679 1057 Er·

124 1099 256 1172 gustum
282 1083 372 1147 dicit.
415 1085 550 1146 Certim
576 1084 737 1161 denique,
758 1107 872 1152 conse·
929 1107 971 1168 go
987 1088 1160 1168 Saloninus
1179 1093 1368 1174 Augustus
1370 1091 1435 1154 iura
1453 1112 1545 1154 annas
1562 1094 1679 1158 solrdrs

123 1187 304 1249 elationem
333 1185 415 1268 juria
439 1185 596 1248 senatorii
621 1185 744 1262 tuisse,
783 1189 870 1253 unde
929 1187 1075 1264 duobus,
1099 1205 1132 1252 et
1151 1193 1266 1254 saltem
1285 1193 1409 1276 aliquot
1426 1193 1602 1256 mensibus
1626 1176 1679 1257 Ex

675 461 684 470 ’
731 493 1099 573 ιιιοιιιιιι.·

121 1287 284 1349 rationem
308 1307 438 1348 rursum
465 1302 633 1361 tenemus,
665 1307 726 1350 cur
746 1289 872 1351 Saloni·
929 1301 994 1372 quo
1013 1293 1225 1376 consequitur
1244 1293 1455 1378 necessario,
1483 1313 1600 1356 numos
1618 1296 1679 1358 Sa·
1782 1367 1787 1372 ¹

45 1411 48 1416 ·
123 1409 188 1450 nus
210 1388 243 1449 in
267 1387 543 1453 consecrationis
544 1385 871 1453 numisffaesartan·
928 1385 1171 1456 loniniran'tum
1192 1393 1532 1482 Caesarisargenteos
1551 1415 1678 1469 omnes,

123 1505 194 1552 tum
211 1489 408 1552 nominetur.
430 1485 529 1603 Quod
554 1509 633 1550 raro
654 1487 686 1550 in
708 1475 869 1574 aliquibus
929 1511 1068 1576 quorum
1091 1494 1208 1580 ingens
1235 1509 1387 1578 superest
1412 1495 1525 1580 copia,
1547 1496 1625 1580 quin
1644 1508 1679 1558 et

120 1591 251 1663 numia,
290 1591 346 1675 qui
370 1589 404 1649 in
434 1589 614 1686 provinciis
642 1589 760 1673 signati
784 1605 869 1668 sunt,
929 1611 1199 1670 aureosomnes,
1223 1615 1305 1678 quoa
1327 1595 1501 1672 habemus,
1530 1597 1678 1678 signatos

123 1710 208 1775 quae
226 1699 355 1754 senatus
373 1677 488 1768 fuere,
510 1690 639 1752 dicatur
651 1703 760 1754 tamen
774 1695 872 1774 impe·
912 1688 1037 1754 luisse
1051 1709 1126 1758 ante
1145 1715 1292 1759 mensem
1308 1698 1490 1780 Augustum
1504 1696 1584 1761 dicti
1601 1698 1676 1759 anni

122 1803 214 1854 rator
243 1791 456 1907 simpliciter,
495 1809 700 1876 nequaquam
738 1791 869 1868 mirum,
932 1814 1031 1877 rooq,
1065 1815 1139 1860 cum
1166 1796 1334 1882 deinceps
1342 1797 1573 1880 Angustieum
1596 1797 1675 1861 imae
1754 1849 1756 1854 .

122 1913 198 1954 uam
218 1908 253 1955 ut
269 1893 342 1978 quis
361 1895 791 1977 agnoscereturAugustns,
813 1913 870 1954 ne·

124 2013 218 2056 cesse
231 2008 300 2056 erat
311 1993 471 2058 accedere
484 1991 711 2054 auctoritatem
727 2005 869 2067 senatus,

122 2107 158 2156 at
180 2095 388 2180 imperatoris
405 2094 520 2154 titulus
535 2092 770 2174 adclamatione
786 2093 870 2154 rnili-

122 2195 186 2257 tari
203 2196 442 2281 acquirebatur.

185 2299 293 2385 Atque
314 2297 381 2360 lroc
401 2297 539 2360 obtentu
558 2293 788 2379 Brequ'rgnyus
803 2221 872 2380 pla·

119 2417 164 2460 na
180 2399 289 2462 omnia
308 2397 465 2481 spondet,
488 2419 571 2482 quae
587 2395 744 2482 impedita
760 2395 870 2460 baete·

117 2519 185 2560 nus
202 2511 300 2583 atque
318 2497 461 2582 implexa
478 2495 682 2584 ridebantur.
715 2497 790 2593 Quo
810 2498 871 2559 mi-

117 2619 184 2661 ιιιιι
202 2599 359 2662 continuo
374 2597 545 2662 adsensum
556 2611 739 2680 praestem,
762 2599 870 2662 obstat

186 2699 213 2760 1.
235 2700 382 2762 Auctore
409 2697 678 2784 ip'soSaloninus
705 2699 740 2760 in
767 2720 868 2764 numo

121 2811 280 2883 argenteo
297 2799 417 2862 dicitur
435 2803 621 2881 Augustus,
653 2801 806 2884 quoniam
822 2800 870 2862 le·

123 2899 233 2963 ιιιιιι
262 2884 390 2983 argent
419 2897 472 2981 jus
502 2901 543 2962 ..ι
564 2900 746 2983 principem
770 2901 870 2984 partr-

42 3045 47 3058 .
121 3001 202 3062 nuit.
226 2999 370 3096 Quaero,
391 3019 451 3062 cnr
467 2999 555 3062 idem
572 2997 870 3084 inargenteiscen·

123 3101 316 3162 secretionis
330 3101 436 3164 numia
453 3113 542 3164 tanto
560 3122 699 3165 numero
714 3102 871 3185 supersti-

929 1894 1004 1978 gina
1018 1896 1160 1980 proponi
1180 1905 1318 1983 successe
1333 1895 1444 1960 inerit.
1473 1899 1516 1960 As
1530 1913 1591 1962 cur
1609 1919 1679 1964 mo·

927 1995 1061 2069 actarii,
1092 1997 1148 2078 qui
1176 2013 1241 2062 rant
1265 1999 1371 2061 seduli
1400 1997 1497 2060 fuere
1519 1999 1561 2061 in
1585 2000 1675 2065 detli-

928 2092 1030 2156 canda
1054 2096 1211 2160 Salonino
1237 2103 1368 2161 Caesari
1393 2085 1544 2176 moneta,
1574 2105 1678 2164 couti·

927 2214 994 2255 nuo
1014 2196 1194 2275 remisere,
1217 2219 1259 2260 ex
1275 2219 1341 2283 qno
1362 2197 1390 2259 is
1410 2198 1575 2282 Augustus
1592 2201 1679 2268 fuir?

928 2295 1028 2357 Certe
1047 2317 1087 2359 ex
1113 2313 1244 2363 monera
1266 2311 1422 2384 argentea
1447 2300 1594 2363 Salonini
1611 2304 1678 2368 Διι-

927 2397 1013 2482 gusti
1043 2397 1128 2461 intra
1159 2399 1285 2464 biennii
1307 2413 1341 2464 et
1371 2399 1512 2483 amplius
1533 2403 1674 2490 spetiem

926 2501 1052 2582 signata
1072 2519 1206 2590 numum
1229 2497 1362 2564 unicum
1381 2499 1539 2590 babemus
1558 2523 1676 2586 super·

927 2599 1048 2664 etitem.
1093 2601 1129 2663 Si
1158 2619 1237 2664 vera
1267 2583 1471 2687 Brequignyi
1500 2605 1673 2680 sententia,

926 2711 967 2761 an
986 2721 1052 2762 non
1075 2702 1274 2764 contrariu·
1297 2702 1407 2786 potius
1428 2703 1580 2768 debuisse
1599 2725 1676 2770 erc·

903 2800 1001 2896 *nire
1017 2802 1087 2885 ipsa
1100 2803 1185 2866 ratio
1206 2803 1344 2866 suadet?
1366 2803 1531 2880 Advorte,
1554 2807 1675 2872 mairie
1773 2871 1779 2880 ,
1870 2857 1872 2864 ι

926 2899 1019 2984 loqui
1037 2901 1071 2962 in
1096 2905 1257 2967 sententia
1275 2906 1497 2990 Brcquignyi,
1521 2908 1577 2991 qui
1604 2909 1675 2972 uni·

927 3021 1002 3064 cum
1019 3016 1144 3066 taurum
1164 3021 1357 3089 argenteum
1375 3007 1523 3068 Salonini
1533 3011 1677 3090 disparati

897 3129 899 3132 ·
926 3103 1079 3185 agnovit,
1102 3106 1250 3190 reliquos
1276 3107 1416 3170 aliorum
1441 3109 1596 3191 exemplo
1613 3110 1689 3178 Va·-

121 3201 229 3278 tibus,
253 3215 440 3266 constanter
456 3203 585 3266 dicatur
599 3203 719 3266 Caesar
731 3215 868 3279 rantum,
925 3204 1053 3267 ier-iano
1069 3204 1139 3297 jun.
1154 3206 1360 3290 adjudicavit.

123 3307 288 3386 Angustus
299 3323 337 3366 er
351 3301 422 3385 ejus
436 3303 596 3366 sententia
608 3301 796 3388 nunquam?
817 3303 869 3366 Διι
988 3306 1044 3366 ttt.
1065 3307 1233 3370 Habemus
1249 3323 1425 3392 argenteos
1442 3311 1589 3373 Salonini
1614 3331 1676 3374 nu·

122 3415 162 3464 ut
184 3403 442 3468 consecrationis
466 3403 655 3478 decretum,
689 3403 733 3465 ita
758 3415 791 3466 et
817 3403 868 3485 jus
925 3404 1424 3490 mosinacriprosVlCTORlb.
1432 3411 1576 3486 ΡΑΒΤ..
1599 3429 1688 3496 μιν
1748 3415 1752 3424 “
1792 3479 1799 3494 ,

64 3520 65 3523 ’
122 3505 274 3587 signandi
298 3524 416 3570 eureos
435 3513 677 3588 argenteosque
699 3521 870 3566 consecr-a
924 3503 1002 3565 inde
1032 3523 1069 3566 ac
1099 3507 1201 3589 patria
1232 3509 1397 3586 Gallieni,
1428 3523 1463 3572 et
1493 3511 1545 3574 avi
1577 3512 1676 3578 Vale·-

120 3605 222 3668 tionis
251 3625 367 3669 numos
399 3606 441 3670 ad
469 3617 617 3668 senatum
639 3601 867 3709 pertinuerat?
924 3603 1021 3666 ciani.
1063 3603 1221 3680 Omnium
1244 3627 1307 3669 una
1326 3621 1378 3670 eat
1403 3609 1583 3684 sententia,
1611 3609 1675 3674 bos

121 3705 300 3783 Sinistud,
323 3703 584 3769 eurinomniunr
600 3715 867 3767 consecratorum
925 3705 1070 3788 signatos
1090 3705 1263 3769 occasione
1286 3707 1465 3786 victoriae,
1497 3729 1595 3792 quana
1616 3706 1673 3774 lric

119 3803 307 3890 principum
324 3807 432 3870 numia
446 3803 622 3869 nobilioris
636 3805 761 3868 metalli
776 3803 869 3868 abest
926 3798 1018 3866 sub
1009 3803 1136 3866 anitium
1156 3807 1373 3889 expeditionis
1398 3829 1477 3873 snae
1496 3808 1539 3872 de
1560 3809 1674 3873 Persis

119 3917 199 3970 nota
216 3907 253 3970 S.
266 3905 329 3970 tn?
350 3907 524 3972 Noricam
540 3905 700 3969 exsistere
718 3906 870 3969 innumis
923 3906 1048 3992 retulit.
1070 3905 1218 3969 Haletem
1229 3907 1673 3995 hancchronolog'istatuunt

120 4007 232 4072 aureis
253 3999 483 4094 argenteisque
500 3997 567 4070 diti
582 4007 791 4092 Vespasianir
813 4025 868 4072 ve·
923 4009 965 4077 V·
991 4007 1026 4070 C.
1061 4025 1160 4082 rora,
1198 4009 1255 4092 qni
1275 4011 1486 4096 Brequignyo
1523 4011 1596 4096 ipso
1623 4010 1700 4096 jn·

119 4131 197 4174 rum
211 4122 281 4173 turn
306 4109 463 4173 acribitur
477 4107 548 4174 Ex.
565 4107 598 4171 S.
615 4109 673 4185 C.,
696 4127 761 4194 quo
786 4106 870 4170 indi·
925 4101 1077 4172 diceiuit
1091 4121 1277 4191 postremus
1297 4111 1455 4176 Salonini.
1495 4115 1620 4175 Tamen
1642 4111 1673 4175 is

79 4259 84 4266 -
120 4211 210 4289 cari,
241 4231 309 4275 uon
332 4211 394 4274 bos
414 4231 533 4282 numos
563 4207 868 4275 senatusconsulto
923 4209 958 4271 iu
988 4209 1054 4272 boc
1085 4227 1185 4270 numo
1218 4209 1338 4274 Caesar
1377 4225 1502 4275 tantum
1540 4211 1671 4302 dicitnr,
1770 4281 1774 4290 ,
1854 4187 1857 4194 ¹

118 4313 223 4378 luisse
244 4331 359 4389 cusos,
381 4309 439 4374 red
460 4309 695 4396 Vespasianum
720 4331 762 4374 ex
781 4311 815 4374 S
829 4309 867 4376 C.
924 4311 981 4394 qni
1005 4324 1073 4374 turn
1090 4309 1145 4374 rel
1167 4310 1309 4374 maxime
1330 4313 1497 4396 Augustus
1513 4311 1672 4382 dicendus

120 4425 369 4498 consecratum,
392 4423 555 4476 noverant
571 4431 694 4476 omnes.
923 4409 1043 4478 fueruat

186 4517 229 4578 ll.
249 4515 388 4578 Exstant
403 4511 617 4578 Alexandrini
639 4513 786 4578 Salonini
810 4535 870 4576 nrt·
989 4515 1045 4582 tv
1066 4513 1197 4578 Recitat
1218 4513 1450 4577 Muratorins
1440 4514 1602 4598 rnsigncra
1623 4515 1673 4578 ia·

120 4613 167 4680 mi
188 4635 264 4799 erpa
285 4615 383 4679 titulo
407 4613 560 4800 pugnari,
589 4614 747 4702 annisque
769 4611 808 4682 Δ.
830 4617 868 4682 Ζ.
925 4615 1139 4700 scriptionem
1167 4613 1350 4681 dedicatam
1370 4616 1564 4696 Valeriano,
1594 4613 1673 4681 Gal·

238 4718 310 4784 rot.
334 4719 405 4782 711.
1202 4713 1210 4730 ⁹
