4220 5504
408 503 479 572 208

409 692 482 733 cum
501 661 687 730 Caledoniia
705 679 816 744 pacem
833 653 1019 728 concludit.
1050 657 1156 719 Exer-

411 771 511 832 eltum
538 778 656 840 tentat,
680 777 714 826 ut
742 759 862 822 emisse
885 759 967 821 Geta
994 778 1029 821 se
1053 779 1154 820 unum

409 871 642 954 imperatorem
662 874 866 948 agnosceret.
896 859 934 922 Id
958 881 1032 922 curn
1053 859 1157 920 incae-

413 993 484 1033 aum
512 969 662 1044 caderet,
710 961 919 1028 concon-dian
950 981 1023 1024 eum
1051 958 1154 1021 fratre

412 1071 554 1134 almulat.
586 1069 667 1131 Cum
684 1065 785 1150 patria
805 1062 999 1128 cineribua'
991 1084 1024 1122 rn
1038 1060 1153 1122 urbem

409 1171 598 1235 revertitur.
623 1170 728 1252 Saepe
743 1187 805 1252 per
819 1167 884 1228 iter
898 1163 991 1226 fratri
1008 1161 1154 1224 insidiari

407 1295 520 1352 auaua,
543 1288 652 1338 tamen
672 1283 761 1332 metu
780 1267 945 1336 exereitus
959 1263 1110 1329 abstinet.

772 1369 792 1410 a

349 1465 356 1494 ‘
410 1478 447 1539 A.
550 1415 815 1542 ANTOIIINVS.
878 1469 987 1535 PIVS.
1053 1467 1153 1532 AVG.

550 1579 666 1642 BRI'P.
698 1582 799 1654 Caput
821 1575 1001 1634 laureatum
1018 1572 1053 1630 ln
1072 1573 1152 1644 All..

548 1682 647 1740 eliam
661 1679 824 1740 radiatum
840 1677 875 1732 itt
892 1675 964 1734 Ab.
980 1674 1025 1732 11.

405 1781 444 1844 B.
545 1771 1152 1846 EAVREL.ANI'ONINI'S.PIVS.

548 1879 650 1948 AVG.
675 1879 791 1940 BRII'.
847 1879 947 1955 Caput
973 1877 1153 1952 laureatum

548 1985 583 2043 ἐκ
600 1985 670 2042 ΑΕ.
688 1983 715 2041 1.

411 2087 446 2150 C.
546 2079 813 2148 ANQIONINVS
834 2077 944 2144 PIVS
967 2077 1066 2146 AVG.
1096 2007 1152 2141 Cb·

438 2251 440 2256 ,
538 2195 601 2264 γαί
615 2185 808 2246 raritatem
793 2203 828 2244 m
842 2183 913 2246 Au
933 2183 979 2248 11.

688 2327 708 2366 a
770 2281 790 2322 ⁴⁵
852 2321 872 2363 a

562 2390 603 2448 Vt
623 2387 723 2450 lind.

405 2487 655 2555 ADVENTVS.
712 2483 917 2552 AVGVSTI.
973 2475 1151 2562 Imperator

405 2611 500 2674 equae
533 2589 752 2668 pacificatoria
785 2588 915 2660 habitu,
955 2605 984 2650 a.
1012 2589 1150 2648 hertam.

406 2693 475 2754 alt
500 2695 600 2772 (ltus.
620 2687 731 2767 Caua.)

471 2793 595 2856 Similia
632 2809 747 2852 averae
778 2799 829 2850 eat
857 2787 955 2849 etiam
983 2787 1018 2848 in
1048 2809 1148 2852 numo

404 2895 525 2972 Getae,
556 2913 637 2976 ergo
657 2887 696 2952 ad
714 2891 800 2952 hune
826 2891 1013 2954 Caracallae
1030 2879 1151 2955 aduen-

404 3008 473 3054 tum
489 3015 606 3056 numua
623 2991 678 3054 hie
695 2991 848 3074 pertinet.

688 3135 708 3172 fi

550 3195 592 3252 m
611 3195 660 3255 lit.
679 3195 721 3254 A.
742 3196 779 3252 B.
804 3194 836 3254 C.
882 3229 891 3242 .

406 3291 542 3356 RORT.
558 3295 659 3355 RED.
678 3293 714 3352 P.
733 3292 778 3350 M.
797 3293 867 3352 TR.
884 3289 921 3351 Ρ.
937 3289 1039 3354 x1111.
1053 3293 1148 3358 (308.

405 3394 461 3456 III.
485 3395 523 3456 P.
545 3395 582 3456 R.
605 3397 745 3456 Fortuna
767 3403 857 3454 atam
873 3395 904 3452 ἀ
928 3389 1165 3476 ουνητισορίαεμ

406 3497 575 3568 amariam.
593 3497 794 3575 prepedibua
809 3501 891 3556 ποῖα.
913 3495 984 3559 AR.
1005 3499 1041 3558 In
1058 3499 1160 3562 aliiae

408 3597 522 3658 Mulier
540 3600 650 3658 eedem
663 3599 697 3668 d.
712 3599 970 3674 yuherneculunn
993 3619 1018 3658 r.
1037 3619 1149 3662 corau-

406 3699 537 3776 copln,
571 3720 630 3778 pro
661 3701 799 3782 pedibua
830 3709 917 3762 reta.
961 3699 1081 3764 am
1108 3703 1147 3762 11.

411 3799 510 3878 (Mus.
530 3802 640 3880 caen.)
766 3897 785 3938 '

552 4003 593 4062 n
614 3943 717 4066 ni.
847 3941 867 3980 ⁹

408 4098 712 4166 LIBERALITAS.
734 4101 834 4170 AVG·
864 4103 920 4172 VI·
952 4105 1147 4168 liberalitas

304 4190 310 4200 '
399 4197 509 4280 Aelana.
532 4205 601 4268 AR.
625 4205 843 4285 (Mamaos.)

423 4351 426 4360 ,
474 4300 719 4368 Liberalitatem
751 4307 810 4376 VI.
846 4305 913 4386 jam
945 4305 1083 4370 uidimus
1114 4303 1147 4364 in

411 4418 508 4460 numo
525 4403 709 4468 Caracallae
728 4407 804 4468 anni
822 4409 862 4475 V.
878 4407 914 4470 C.
937 4405 1018 4491 qen,
1039 4419 1149 4468 tamen

414 4499 581 4584 utriunque
617 4507 707 4566 numi
745 4520 832 4570 aetat
859 4507 945 4589 justo
975 4505 1149 4570 intervallo

347 4649 353 4664 ,
416 4593 522 4660 dialat.
543 4603 624 4662 Nam
641 4605 761 4684 prioris
780 4606 880 4670 Iaelea
891 4629 1045 4693 perquam
1061 4607 1152 4691 juve·

414 4693 488 4756 nilla
514 4712 581 4772 eat,
604 4715 636 4762 et
661 4723 701 4764 ex
720 4705 858 4771 allorum
878 4731 1050 4773 numerum
1076 4730 1153 4774 een·

994 470 1365 550 CARACALLA.

1211 656 1358 722 tentione
1380 671 1498 717 ennam
1522 651 1584 715 eibi
1598 652 1639 720 V.
1654 653 1690 718 C.
1705 649 1763 736 9⁶¹
1785 651 1953 732 ,vindiea13

1212 758 1346 823 alteriue
1364 757 1473 822 vultus
1490 755 1553 836 jarn
1572 754 1673 817 barba
1689 754 1955 837 conapIeuuaest,

1212 871 1246 924 et
1274 858 1418 922 etlditum
1442 861 1577 936 ERIT..
1607 869 1676 918 tum
1699 855 1788 940 quod
1804 857 1871 920 hec
1894 858 1957 940 pri·

1212 981 1401 1024 mumanae
1419 964 1556 1024 Romam
1574 957 1711 1030 redivit,
1733 978 1855 1020 annum
1865 979 1958 1043 prae·

1212 1077 1338 1126 rentem
1354 1062 1427 1146 jure
1445 1061 1604 1144 deposcit.
1628 1061 1764 1144 Cartare
1775 1073 1887 1122 tamen
1901 1082 1957 1122 nu·

1212 1163 1295 1228 meri
1314 1186 1378 1227 non
1397 1163 1542 1248 ampliati
1557 1183 1685 1226 caueam
1704 1177 1813 1230 tenea.
1839 1167 1957 1262 Quam·

1212 1265 1268 1330 diu
1303 1267 1446 1329 Severus
1481 1263 1581 1340 vixit,
1620 1267 1787 1330 Caracalla
1813 1289 1956 1332 eommu-

1211 1387 1287 1430 nem
1305 1387 1379 1430 cum
1406 1379 1499 1451 patre
1514 1365 1758 1449 congiarietum
1782 1391 1954 1432 numerum

1211 1470 1370 1544 seruauit,
1411 1483 1509 1552 atque
1541 1467 1721 1530 seeundum
1745 1469 1830 1534 bane
1859 1473 1957 1533 ratio·

1209 1591 1285 1632 nem
1319 1553 1522 1655 eenglarium
1543 1573 1599 1636 VI.
1626 1571 1747 1656 prioris
1777 1573 1871 1634 numi
1897 1571 1957 1635 suit

1209 1671 1309 1747 illud,
1332 1673 1420 1756 qued
1435 1670 1600 1736 distribuit
1624 1687 1763 1757 uterque
1779 1675 1957 1760 Augustus,

1210 1793 1285 1838 eum
1312 1774 1347 1834 in
1367 1773 1567 1837 Britanniam
1594 1774 1659 1838 iter
1681 1789 1873 1860 susceptum
1899 1789 1956 1852 eat,

1210 1875 1299 1960 quael
1330 1895 1446 1938 revera
1479 1875 1617 1958 contigit
1649 1897 1733 1938 anne
1759 1879 1800 1952 V.
1824 1878 1859 1940 C.
1885 1879 1955 1960 qbr.

1209 1979 1251 2040 At
1277 1991 1407 2038 mortuo
1432 1989 1525 2060 patre
1548 1978 1714 2040 Caracalla
1736 1973 1874 2042 illerum
1891 1993 1956 2042 tan·

1210 2091 1279 2140 tum
1293 2077 1536 2160 congiarIorum
1554 2078 1714 2160 rationem
1733 2080 1865 2156 habuit,
1889 2082 1956 2165 qui-

1208 2177 1270 2242 bua
1297 2177 1367 2261 ipse
1402 2179 1518 2240 saltent
1544 2178 1608 2258 jam
1635 2183 1756 2244 Caesar
1785 2182 1954 2256 interluit}
2084 2145 2085 2190 ³

1207 2299 1281 2340 nam
1297 2279 1528 2342 liberalitatem
1547 2281 1572 2344 I.
1596 2282 1740 2346 Severus
1758 2282 1830 2345 filio
1851 2283 1956 2345 adhue

1206 2367 1518 2465 privataexereuit.
1542 2381 1667 2446 Eadem
1693 2386 1823 2447 ratione
1839 2387 1957 2447 Getam

1206 2501 1338 2567 quoque
1356 2505 1432 2546 euos
1452 2481 1657 2547 liberalitatis
1674 2506 1832 2548 numeros
1852 2485 1958 2570 ‹ligea-
1979 2541 1982 2549 ,
2084 2491 2085 2520 ¹

1207 2583 1289 2646 aisse
1304 2583 1498 2648 videbimus.
1528 2587 1681 2670 Spectata
1697 2607 1780 2672 ergo
1802 2587 1865 2651 hae
1882 2587 1956 2670 Iege

1206 2687 1386 2750 liberalitas
1416 2687 1490 2748 anni
1515 2689 1698 2771 praesentia
1724 2709 1846 2752 revera
1863 2689 1957 2752 Cara·

1207 2789 1310 2850 callae
1344 2803 1436 2852 aexta
1465 2789 1527 2852 Iuit
1554 2789 1628 2854 date
1657 2792 1700 2853 ub
1737 2791 1885 2865 reditum
1917 2811 1957 2852 ex

1205 2889 1389 2966 Britannia,
1418 2892 1473 2977 qui
1496 2915 1653 2956 numerus
1669 2899 1832 2980 aequente
1859 2891 1955 2955 etiam

1205 3012 1307 3054 numo
1325 2991 1570 3077 comprobatur.

1347 3197 1468 3258 dutiae
1499 3201 1634 3259 Incerta.

1205 3297 1508 3360 LIBERALI‘I‘AS.
1544 3295 1677 3364 AVGG.
1700 3295 1755 3365 vl.
1806 3297 1880 3359 ΕΤ.
1917 3297 1955 3362 V.

1208 3401 1376 3462 Caracalla
1408 3407 1441 3460 el
1468 3403 1551 3461 Geta
1576 3403 1721 3462 audentea
1754 3401 1957 3479 conqa'uriunt

1205 3512 1327 3580 reynel.
1359 3501 1428 3564 AV.
1452 3501 1523 3564 AR.
1546 3499 1678 3582 (Vaill.)
1701 3500 1771 3561 ΑΕ.
1796 3502 1822 3561 I.
1854 3503 1955 3580 (Mea.

1205 3601 1417 3679 Christinae.)

1268 3705 1360 3766 llaec
1386 3720 1499 3766 aversa
1513 3701 1547 3763 in
1566 3703 1671 3765 Getae
1690 3721 1828 3786 quoque
1851 3703 1957 3764 numia
2083 3751 2084 3758 ,

1204 3801 1301 3886 hul⁰⁸
1327 3805 1402 3865 &nni
1425 3804 1582 3867 occurrit.
1621 3803 1823 3866 Liberalitas
1838 3807 1897 3872 VI.
1919 3801 1957 3865 ad

1205 3901 1405 3967 Caracallam
1431 3907 1596 3989 pertirlet,
1628 3919 1663 3966 ut
1686 3901 1832 3968 uidimus
1848 3927 1892 3970 ex
1910 3927 1958 3968 au·

1203 4005 1336 4087 perlere
1354 4027 1472 4088 numo,
1498 4006 1696 4086 Liberalitas
1705 4008 1749 4074 V.
1762 4009 1813 4070 ad
1831 4007 1957 4082 Getam.

1205 4117 1240 4166 ut
1265 4107 1389 4188 patebit
1411 4127 1453 4170 ex
1471 4109 1568 4190 hujus
1591 4109 1633 4170 ad
1663 4129 1784 4170 annum
1805 4129 1959 4193 praeseu-

1205 4219 1271 4280 tem
1303 4207 1420 4284 nuruis.
1468 4213 1604 4274 Certum
1629 4223 1701 4284 est,
1737 4211 1966 4296 congiarium.

1205 4307 1292 4390 qaod
1314 4325 1505 4394 praesentet
1536 4311 1638 4374 numi.
1655 4314 1856 4387 enunciant,
1887 4329 1959 4400 esau

1206 4408 1277 4490 ejus
1301 4411 1396 4488 anni,
1435 4413 1470 4474 in
1499 4433 1565 4497 quo
1603 4433 1736 4488 sumus,
1781 4415 1959 4496 datumque

1207 4529 1302 4572 cauae
1321 4513 1447 4576 reditur
1464 4533 1506 4576 ex
1521 4515 1700 4591 Britannia,
1724 4530 1759 4578 et
1778 4515 1859 4578 novi
1875 4515 1961 4600 prin·

1208 4610 1342 4693 cipetua.
1367 4615 1535 4698 Sequente
1545 4637 1629 4681 anno
1646 4636 1765 4682 eaeana
1778 4617 1867 4682 Geta
1881 4615 1960 4680 libe·

1208 4713 1287 4776 ralia
1306 4733 1379 4776 esre
1398 4716 1508 4780 deaiit.
