4224 5506
310 533 313 544 ’
427 539 487 632 oo
800 493 807 556 ³
884 532 927 605 1..
978 529 1281 603 Avnnmvs
1331 527 1535 604 vnnvs.

441 717 619 791 Galenum,
642 731 739 799 quem
755 712 899 797 suprain
918 711 963 775 Μ.
977 711 1105 774 Aurelii
1120 731 1177 776 no-
1234 713 1416 776 Antoninos
1432 706 1636 796 pronunciat.
1675 701 1757 788 Ejus
1785 703 1886 768 etiam
1902 701 1976 764 Ela-

439 817 582 881 minibus
602 814 749 894 leuduni,
781 827 982 899 nequaquam
1007 813 1097 878 Vero
1115 815 1178 876 Au·
1235 812 1384 898 gabalum
1406 811 1441 875 iu
1460 813 1698 876 Antoninorum
1721 807 1852 874 calculo
1881 801 1983 865 ratio·

439 919 544 985 tonini
559 935 680 980 nomen
698 913 860 991 tribuere,
883 935 948 998 quo
963 915 1039 977 loco
1055 913 1180 998 deper·
1236 934 1311 977 nem
1329 934 1395 976 non
1409 913 1578 990 habuisse,
1599 913 1633 974 in
1648 911 1745 993 hujus
1767 917 1902 972 moneto
1918 902 1977 965 suh

444 1019 575 1084 mutetis
605 1016 645 1080 ab
660 1029 800 1100 utroque
816 1013 1087 1100 appellationibus
1102 1013 1178 1098 egit.
1235 1014 1367 1080 nomine
1382 1019 1541 1080 Antonini
1560 1013 1754 1078 videbimus.

441 1121 495 1183 At
528 1121 627 1196 haec,
658 1117 686 1179 si
706 1137 822 1180 revera
846 1112 1063 1178 honorificum
1091 1114 1179 1177 istud

441 1222 599 1286 Antonini
623 1239 741 1283 nomen
760 1217 822 1280 sibi
840 1216 983 1279 delutum
1008 1215 1088 1291 luit,
1119 1236 1180 1279 our
1497 1237 1713 1316 ponnfpa.0

429 1325 523 1388 'illud
538 1326 628 1392 Vero
641 1321 674 1384 in
694 1319 786 1382 nullo
804 1332 858 1380 sut
879 1337 997 1391 numo,
1019 1329 1075 1378 aut
1095 1337 1179 1378 ntur·

438 1446 548 1502 Mle,
570 1445 635 1486 ΜΠ
652 1442 728 1484 ΜΝ
745 1439 858 1482 ⁰¹¹¹¹¹0⁸
881 1417 951 1501 05⁰⁸
969 1417 1081 1478 iil⁰l⁰⁸
1097 1417 1180 1480 libe·
1297 1419 1508 1486 Pontificatus
1521 1420 1554 1482 in
1570 1422 1695 1486 Verum
1706 1413 1819 1481 colluti
1838 1411 1902 1476 etsi
1915 1430 1977 1472 non

438 1529 554 1592 naliter
567 1525 724 1608 jactante.
746 1519 912 1586 sociatur?
943 1518 1075 1602 dempto
1091 1517 1178 1580 forto
1235 1522 1443 1585 meminerint
1471 1523 1671 1605 scriptores,
1702 1515 1847 1580 dubitari
1870 1525 1978 1575 tamen
2090 1563 2091 1568 ,

438 1627 620 1692 Amastriae
646 1622 886 1706 Paphlagoniae
907 1639 1024 1695 numo,
1053 1619 1087 1679 in
1113 1631 1178 1703 quo
1234 1623 1327 1686 nullo
1349 1638 1445 1708 pacto
1472 1637 1598 1708 potest,
1629 1619 1700 1702 ejus
1724 1615 1858 1701 generis
1879 1632 1978 1676 unum
2090 1701 2091 1708 ἵ

441 1731 487 1802 5³2
519 1718 1179 1789 ῦὶ1110ἆοῦὸῑὶῦῦὖθηᾶωπῦυΰῑοΐίωυ·
1234 1725 1288 1788 tol
1307 1724 1477 1809 pluresilli
1493 1736 1568 1808 post
1583 1720 1793 1804 adoptionem
1807 1717 1912 1778 luisse
1927 1713 1980 1774 tle·

441 1829 489 1893 soi
506 1825 670 1910 Tlseupoli
692 1831 738 1900 ⁸),
761 1823 853 1904 eujus
875 1841 1029 1884 nonraro
1047 1821 1179 1886 oracula
1235 1839 1355 1889 cretos.
1377 1827 1421 1886 Et
1434 1845 1512 1888 vero
1530 1821 1692 1883 Gruterus
1707 1817 1851 1902 lapidem
1869 1817 1980 1897 vulga·
2090 1817 2091 1836 ¹

440 1931 575 2005 fallunt,
607 1925 726 1990 «licitur
753 1917 1179 1984 O'rllPOC.ANTttN1·
1234 1925 1300 2001 vit,
1331 1925 1364 1987 in
1389 1947 1454 2009 quo
1477 1923 1549 1986 eliis
1573 1923 1644 2006 ejus
1669 1921 1830 1983 encomiis
1852 1917 1981 1980 additur
2090 1951 2091 1992 3

442 2029 544 2093 NOC.
575 2027 659 2088 Addi
674 2039 781 2110 posset
797 2043 914 2086 numus
932 2023 1090 2085 maximae
1111 2027 1178 2089 lor·
1233 2023 1642 2104 titulusPONTlFlC.‘l).
1665 2019 1981 2085 Nomihunohono·
2090 2041 2091 2102 l

438 2152 510 2194 ntae
541 2128 625 2212 apud
648 2125 900 2190 Buonarrotium
921 2125 954 2206 ¹³)
984 2129 1177 2211 inscriptust
1233 2141 1305 2190 rem
1326 2141 1487 2212 perpetuo
1512 2127 1663 2190 reticent.
1703 2127 1746 2186 At
1776 2121 1865 2184 enim
1892 2117 1979 2181 istutl
2090 2159 2091 2208 f

440 2227 516 2295 AT.
542 2223 733 2306 o'rllPQc.
755 2223 1083 2300 ANTstNetttoc.
1113 2227 1178 2294 Ve-
1234 2229 1370 2304 mirum,
1400 2231 1438 2290 1..
1451 2231 1576 2296 Verum
1592 2229 1625 2290 in
1645 2225 1731 2287 binis
1745 2219 1883 2286 Gruteri
1900 2243 1981 2282 mer·

439 2353 511 2394 rum
527 2351 592 2392 non
612 2329 688 2392 sutis
706 2327 827 2411 liquet,
850 2329 932 2392 sitne
950 2345 1044 2413 caput
1059 2335 1104 2392 Μ.
1115 2333 1179 2394 Au·
1233 2329 1380 2392 moribus
1398 2329 1645 2410 dicipontificem
1653 2331 1832 2392 musinium
1846 2327 1889 2407 ο),
1906 2344 1980 2386 curn

438 2433 534 2506 relii,
557 2427 745 2492 snb-Veri.
767 2427 1178 2512 Cumigiturmonumenta
1235 2443 1363 2493 constet
1381 2445 1505 2506 tamen,
1529 2431 1556 2492 si
1585 2431 1716 2514 quando
1741 2429 1807 2492 <luo
1838 2424 1979 2510 Augusti
2090 2477 2091 2500 ,

440 2533 589 2618 publico,
620 2530 734 2590 saltem
766 2541 873 2602 certa,
898 2529 960 2592 lroc
984 2548 1103 2592 nornen
1126 2549 1180 2590 re·
1234 2529 1408 2614 imperium
1443 2553 1507 2592 una
1535 2543 1730 2608 tenuerunt,
1760 2531 1882 2592 horum
1913 2541 1979 2588 tan·

438 2635 578 2707 ticesnt,
616 2628 794 2692 verisimile
820 2628 949 2710 potius,
978 2629 1061 2692 illud
1089 2631 1177 2698 Vero
1235 2645 1303 2694 tum
1320 2653 1439 2707 unum,
1462 2646 1559 2716 atque
1579 2633 1667 2694 huno
1684 2633 1853 2694 seniorem
1874 2629 1980 2714 ponti·

438 2755 601 2818 nunquam
622 2744 714 2793 certa
732 2727 881 2813 quapiam
906 2730 982 2814 lege
1003 2731 1178 2794 suissede·
1234 2729 1348 2794 iicotus
1371 2731 1503 2794 mnxirni
1536 2751 1674 2794 munere
1698 2732 1870 2805 functum,
1903 2731 1978 2791 dum

437 2835 559 2908 latum,
597 2833 658 2895 etsi
692 2853 753 2918 per
784 2831 939 2896 Antonini
968 2831 1175 2916 adoptionem
1233 2831 1389 2895 Balbinus
1422 2847 1455 2895 et
1479 2834 1646 2918 Pupienus
1675 2853 1803 2895 morem
1830 2847 1980 2894 veterem

439 2937 491 3018 jus
515 2935 565 2998 illi
582 2935 616 2996 in
639 2929 703 2999 hoo
727 2935 806 3012 fuit,
837 2947 869 2996 et
892 2933 920 2993 si
942 2931 1023 2995 illud
1043 2933 1176 2996 forlein
1233 2931 1410 3016 infregere.
1433 2935 1543 3030 Quare
1563 2954 1763 2997 marmorum
1782 2933 1983 3018 horumepi·

439 3035 590 3119 quopiam
600 3049 810 3121 monumento
823 3035 856 3095 in
871 3033 1047 3118 provinciis
1057 3047 1177 3097 statuto
1234 3049 1411 3118 grammata
1435 3050 1490 3098 out
1505 3037 1591 3098 mule
1615 3049 1690 3098 sunt
1716 3033 1904 3118 descripto,
1928 3047 1980 3094 aut
2090 3119 2091 3124 η

439 3135 648 3218 conjunctum
679 3137 826 3218 legatur,
854 3131 888 3194 id
910 3153 949 3195 eu
970 3132 1097 3196 ratione
1111 3133 1177 3198 l'ao·
1232 3135 1265 3196 in
1283 3135 1461 3220 provinciis
1485 3136 1654 3202 erudibus
1676 3140 1820 3226 ingeniis
1848 3139 1979 3210 dictatu,
2090 3125 2091 3180 l

438 3247 506 3296 tum
524 3234 630 3298 videri
646 3234 764 3318 possit,
794 3254 856 3317 qua
874 3234 1026 3296 Aurelius
1046 3253 1176 3318 quoque
1232 3234 1342 3318 inqua
1361 3237 1520 3299 sententis
1535 3241 1705 3322 comperio
1726 3261 1862 3326 quoque
1879 3238 1981 3300 fuisse

438 3331 544 3396 adhuc
569 3334 689 3396 Cacsar
718 3333 752 3394 in
782 3335 946 3397 nonnullis
966 3335 1089 3409 numis,
1118 3335 1177 3398 sod
1233 3335 1455 3412 Bimsrtlurn,
1486 3339 1542 3422 qui
1580 3340 1743 3404 intrusum
1778 3341 1869 3406 hunc
1902 3339 1983 3406 veni

439 3437 608 3497 commutis
627 3433 812 3519 peregrini,
843 3439 1024 3498 Antoninus
1045 3433 1174 3512 dicitur,
1232 3425 1454 3520 pontificatum
1479 3439 1657 3504 maximum
1683 3442 1820 3528 copiose
1846 3456 1882 3506 et
1910 3459 1982 3502 eru·

373 3590 380 3611 ,
440 3531 499 3595 sed
527 3535 616 3596 nulls
641 3535 771 3620 publicu
791 3536 999 3612 auctoritate,
1027 3549 1176 3621 utsupra
1234 3537 1300 3601 dite
1322 3537 1491 3624 impugnat
1512 3535 1549 3622 s).

438 3635 473 3696 in
495 3635 599 3696 titulis
622 3635 808 3720 M.3lurelii
829 3634 981 3701 indicavi.
1023 3639 1177 3720 Capitoli·
1200 3641 1206 3716 j

437 3757 516 3812 nus,
538 3750 571 3798 et
589 3736 811 3821 Lampridius,
834 3738 889 3821 qui
913 3738 1023 3800 (latum
1044 3737 1095 3800 illi
1111 3739 1176 3804 hoo
1429 3765 1559 3826 pm,-
1583 3768 1778 3844 patrm,

436 3855 559 3898 nomen
576 3835 779 3900 confidenter
792 3835 964 3914 adserunt,
985 3838 1073 3904 sorte
1089 3840 1175 3906 istud

440 3955 481 3997 ex
510 3936 650 3999 oliorum
678 3941 837 4003 sententis
868 3943 1057 4028 scripserint
1064 3965 1074 4016 ς
1101 3965 1176 4006 nam
1295 3941 1332 4002 ln
1350 3943 1458 4005 numis
1473 3947 1518 4008 tt.
1534 3947 1663 4010 Aurelii
1676 3949 1719 4011 ad
1735 3950 1883 4014 eundem
1899 3952 1985 4016 huno

439 4037 559 4100 horum
591 4041 756 4122 posterior
785 4057 945 4106 memorat
978 4064 1108 4129 quoque
1133 4046 1175 4124 0).
1231 4039 1362 4104 titulum
1373 4043 1532 4126 probavi,
1555 4049 1730 4112 Aurelium
1743 4073 1832 4116 suno
1851 4053 1986 4117 demum

439 4143 523 4202 nude
538 4143 637 4202 etiarn
651 4145 780 4223 qnidam
797 4153 829 4206 et
842 4147 1010 4225 Severum„
1031 4156 1063 4209 ot
1077 4149 1177 4208 Porti·
1232 4142 1274 4208 V.
1294 4143 1331 4206 C.
1356 4144 1438 4229 930,
1464 4146 1505 4210 ad
1523 4169 1689 4216 summum
1722 4168 1870 4219 exeunte
1899 4177 1986 4222 sono
2090 4157 2091 4186 ³

326 4247 332 4255 '
440 4259 567 4315 moen,
590 4243 792 4305 stlnlinnnm
801 4247 1031 4310 Antoninorum
1042 4265 1177 4326 mneno-
1232 4259 1295 4326 oto
1332 4247 1434 4330 patris
1469 4250 1594 4332 patrino
1636 4272 1762 4317 nomeu
1797 4253 1986 4340 adoptasse.

440 4341 578 4400 minibus
605 4343 805 4406 honorandos
820 4355 945 4424 putant.
974 4345 1098 4408 Verum
1117 4347 1177 4408 lros
1234 4343 1344 4439 Quare
1358 4359 1429 4408 toto
1444 4347 1503 4410 illo
1519 4363 1692 4436 tempore,
1719 4375 1787 4442 quo
1803 4355 1845 4418 L.
1859 4359 1988 4425 Verum

441 4437 569 4498 nullum
595 4439 701 4504 stlhuo
735 4443 902 4527 cognitum
932 4460 1176 4509 monumentum
1233 4447 1403 4531 conlegum
1434 4447 1567 4528 habuit,
1603 4453 1666 4518 illo
1698 4455 1824 4532 caruit,
1867 4460 1989 4522 ceruit·
2090 4475 2091 4530 l

471 4647 528 4716 ἐι)
547 4666 613 4722 pop.
628 4659 690 4718 913.
774 4614 833 4724 ¹lt)
860 4653 977 4717 Osserv.
996 4657 1075 4718 istor.
1095 4679 1124 4734 p.
1145 4663 1189 4720 86.
1297 4663 1326 4732 c)
1346 4661 1377 4718 in
1392 4661 1529 4724 Diadum.
1547 4685 1572 4723 c.
1589 4669 1616 4730 6.
1731 4669 1767 4744 d)
1791 4671 1946 4752 Pomm
1966 4686 1991 4734 ².
2090 4697 2091 4726 t

445 4738 473 4806 e)
492 4735 636 4810 Fufi-m
654 4751 698 4797 tt.
717 4749 747 4795 el
761 4749 826 4804 258.
846 4752 874 4807 3.
981 4747 1105 4818 Ollcl..
1122 4747 1155 4804 T.
1171 4749 1235 4806 xtl.
1265 4753 1349 4810 Metu.
1371 4771 1400 4828 p.
1417 4761 1480 4818 400.
2090 4765 2091 4794 ³
