4220 5504
419 527 492 598 220

422 685 665 782 quodammodo
717 688 930 762 componeret
955 673 996 754 ⁸).
1060 673 1168 736 Docet

423 775 1168 868 etiam,buncluissebabitumslatnnrumAle·

422 893 548 969 sandri,
581 905 617 954 ut
644 905 759 950 revera
779 881 855 944 illae
881 881 994 941 saltent
1013 889 1167 960 respectu

423 995 562 1064 cervicis
573 987 711 1054 inllexae
723 977 1167 1064 consentiunt,qualicstexi·

420 1099 484 1162 mia
505 1097 576 1178 ejus
592 1104 743 1176 protense
759 1101 942 1146 marmorea
961 1082 1168 1165 inpraestan·

421 1199 549 1262 tissimo
564 1212 678 1256 museo
695 1191 743 1252 Μ.
757 1183 870 1247 Ducis.
895 1186 975 1246 Cum
993 1184 1111 1256 nonnis,
1134 1193 1167 1242 st

419 1301 556 1367 Victore
583 1291 770 1376 conspirant
793 1286 890 1348 etiam
917 1305 1098 1356 marmora,
1122 1283 1169 1344 in·

422 1415 473 1463 ter
503 1417 586 1484 quae
624 1387 855 1460 memorabile,
901 1385 988 1470 quod
1021 1385 1167 1468 vulgarit

421 1501 597 1566 Fabrettus
622 1495 672 1576 ¹’):
715 1491 883 1554 MAGNO.
922 1484 1011 1550 llllP.
1047 1487 1166 1546 CAES.

420 1609 466 1667 ot.
483 1597 691 1668 Avuubto.
717 1590 959 1654 ANTONlNO.
983 1589 1167 1652 AVGVS'l'.

420 1717 482 1769 ete.
495 1705 530 1764 ln
541 1701 603 1762 alio
615 1695 698 1780 apud
707 1693 920 1755 llluratorium
939 1691 978 1768 c):
992 1689 1167 1751 ACCENS.

422 1805 507 1870 VEl.
530 1799 632 1880 (sorte
643 1797 756 1874 vlits.)
775 1795 906 1855 FLAM.
917 1794 1018 1856 Dlt'l.
1028 1791 1164 1852 MAGN.

422 1903 606 1974 ANTON„
649 1899 681 1959 in
709 1915 775 1980 quo
810 1893 910 1954 babes
941 1907 974 1970 et
1002 1893 1166 1956 {laminem

422 2005 490 2070 sliri
507 2001 704 2066 Caracallus.
741 1997 776 2057 ln
795 1995 981 2080 fragmento
998 1995 1167 2058 Arvalium

420 2111 546 2170 Romae
585 2121 691 2184 nuper
726 2111 860 2180 reporto
900 2097 1022 2158 dicitur
1051 2097 1167 2178 Elaga-

419 2207 513 2270 balus
543 2203 648 2270 DlVl.
685 2199 789 2268 MAG.
819 2197 1041 2261 ANTONlNl.
1083 2199 1164 2258 FIL.

419 2307 573 2393 Denique
597 2304 718 2366 Paulus
744 2303 768 2360 l.
796 2299 832 2361 C.
854 2297 902 2361 tit.
928 2300 982 2362 lll.
1011 2297 1051 2360 de
1075 2299 1166 2360 adul·

418 2409 524 2472 terior
556 2411 694 2486 Maynm
719 2405 902 2466 Asaeloninua
928 2405 1071 2481 pqrercit
1098 2400 1163 2476 eis,

419 2513 478 2593 qui
494 2512 657 2572 adulteros
679 2506 856 2566 inconsulto
878 2505 984 2564 calore
1006 2506 1094 2564 duell
1117 2505 1165 2564 ἰη-

425 2612 623 2688 terfecerunt.
648 2605 775 2700 Quibus
794 2603 876 2664 adde
895 2603 973 2664 duas
996 2603 1163 2665 columnas

419 2708 604 2783 milliarios,
650 2707 684 2768 io
723 2705 839 2790 quibus
868 2703 1080 2786 Elagabalus,
1131 2717 1165 2767 et

420 2809 610 2873 Alexander
635 2809 710 2871 Ser.
737 2806 891 2868 dicuntur
909 2807 1009 2872 lllVl.
1028 2805 1165 2870 ANTO-

326 2987 334 3000 ι
418 2913 522 2974 NlNl.
542 2911 647 2974 MAG.
666 2908 726 2970 lilii
742 2907 784 2986 d).
822 2909 914 2970 llaec
932 2907 1117 2970 testimonia
1136 2907 1163 2969 si

418 3025 494 3074 ente
523 3011 637 3074 oculos
659 3009 826 3071 habuisset
849 3009 1063 3084 Muretorius,
1098 3029 1162 3070 non

422 3131 501 3174 sene
516 3111 711 3173 solicitasaet
730 3109 761 3168 in
777 3106 908 3170 laudato
926 3129 983 3170 suo
1000 3128 1163 3170 marmore

418 3211 614 3273 vocabulum
629 3207 776 3282 MAGN,
799 3229 872 3270 cunr
890 3229 950 3291 pro
970 3207 1033 3270 boc
1052 3209 1164 3290 legen·

420 3309 496 3371 dum
524 3311 672 3384 MARC„
704 3323 737 3370 et
754 3309 897 3390 intelligi
921 3311 965 3368 Μ.
993 3311 1161 3372 Aurelium

419 3411 620 3473 Antoninum
636 3411 667 3472 in
686 3409 829 3490 sabjecta
848 3421 924 3469 nota
941 3407 1163 3492 profiteretur.

420 3513 575 3579 Ceterum
604 3510 645 3574 de
677 3511 790 3572 insono
817 3509 1004 3572 Caracallae
1027 3513 1060 3572 in
1087 3515 1164 3576 Ale-

418 3613 578 3676 sanorum
603 3617 651 3675 Μ.
669 3610 799 3674 adlecta
820 3609 1025 3675 incredibilia
1052 3629 1162 3678 narrat

415 3715 482 3776 Dio
498 3711 547 3794 ο),
582 3713 735 3775 nimirum
765 3712 952 3794 complures
979 3715 1010 3776 ei
1041 3731 1161 3781 statuas

416 3835 491 3880 cunr
506 3815 674 3889 incastris,
690 3829 757 3876 tum
768 3812 850 3874 urbe
860 3811 1051 3893 collocasse,
1074 3841 1162 3882 eom·

416 3935 549 4000 parasse
571 3915 767 4001 pbalangem
792 3913 907 3978 decem
937 3931 971 3978 et
998 3939 1056 3980 sex
1088 3921 1159 3982 mil·

416 4019 497 4080 lium
525 4039 566 4081 ex
600 4017 680 4080 solis
712 4016 947 4080 Macedonibus
971 4017 1158 4098 eonllatum,

418 4138 492 4182 enm
521 4119 726 4183 orientalem
751 4119 934 4200 Angustum
965 4121 1159 4203 appellasse,

417 4233 451 4282 et
468 4219 638 4304 scripsisse
657 4218 830 4304 aliquando
844 4217 885 4281 ad
903 4233 1061 4295 senatum,
1084 4221 1160 4284 Ale-

418 4319 574 4382 xandrnm
592 4321 626 4382 in
652 4341 745 4383 snum
763 4321 865 4403 ipsius
885 4339 1004 4406 corpus
1029 4341 1158 4384 rursum

338 4435 342 4449 ¹
418 4419 618 4510 subintrasse
642 4435 705 4484 ete.
734 4421 785 4484 Ad
800 4422 880 4486 baec
901 4435 1038 4486 testatur
1053 4425 1159 4487 Hero·

1011 483 1375 565 CARACALLA.

1226 669 1340 734 dianus
1369 689 1510 736 coaevus
1530 667 1575 752 f),
1606 662 1729 730 vidisse
1752 687 1788 731 se
1811 667 1966 752 imagines

1224 773 1398 834 nonnullas
1429 771 1569 835 ridicule
1590 769 1756 853 depictas,
1794 790 1879 854 qnae
1905 785 1965 831 nno

1224 891 1366 956 corpore
1400 871 1479 935 duas
1503 871 1603 934 facies
1629 872 1854 954 praeferrent,
1894 855 1968 931 Ale·

1225 973 1358 1050 xandri,
1381 987 1414 1036 et
1432 973 1629 1036 caracallae.
1653 971 1728 1068 Quo
1747 970 1883 1054 cognito
1899 969 1967 1050 ejus

1225 1077 1257 1138 in
1275 1091 1421 1140 veterem
1445 1075 1530 1137 hunc
1549 1093 1664 1157 regem
1682 1073 1814 1135 adiectu
1839 1071 1966 1133 cudissc

1224 1179 1422 1242 blacedonas
1438 1199 1554 1239 numos
1572 1195 1691 1237 aeneos
1710 1195 1783 1238 eum
1794 1171 1968 1236 Alexandri

1225 1281 1384 1365 imagine,
1415 1277 1483 1340 dixi
1507 1278 1540 1338 in
1564 1276 1670 1338 nornis
1695 1276 1886 1350 Berrhaeee
1904 1279 1969 1336 bla-

1226 1381 1404 1456 eedoniae,
1442 1401 1506 1466 quo
1538 1379 1613 1440 loco
1639 1377 1735 1462 plura
1770 1377 1838 1440 huo
1871 1375 1967 1462 perti·

1226 1485 1335 1545 nentia
1353 1495 1462 1546 notata
1476 1481 1636 1565 reperies.

1366 1725 1466 1790 Numi
1478 1723 1643 1785 commatis
1657 1723 1833 1802 perequm’.

1287 1891 1393 1974 Hujus
1417 1889 1549 1974 generis
1573 1884 1696 1948 infinita
1714 1899 1765 1947 est
1788 1881 1886 1968 copis
1904 1897 1966 1945 tem

1223 1997 1349 2059 orbium
1364 1997 1553 2064 liberarum,
1576 2011 1672 2076 quarn
1695 1989 1904 2062 coloniarum,
1927 1983 1966 2048 de

1223 2096 1340 2180 quibus
1357 2096 1419 2156 boc
1438 2093 1513 2155 loco
1525 2089 1615 2153 aliud
1632 2089 1816 2172 distinctius
1839 2107 1969 2151 monen-

1222 2196 1300 2259 dum
1314 2216 1380 2258 non
1397 2193 1552 2259 occurrit.

1220 2403 1270 2483 ,De
1283 2399 1389 2462 numr's
1406 2401 1567 2480 arpentea's
1587 2400 1723 2474 majoris
1748 2398 1874 2460 moduli
1888 2413 1968 2456 eom·

1474 2503 1571 2562 malis
1590 2501 1735 2562 demersi.

1284 2701 1377 2764 Nova
1404 2683 1586 2786 imperanto
1611 2700 1778 2765 Caracalla
1816 2711 1967 2762 monetas

1221 2817 1396 2886 argenteae
1413 2805 1495 2866 ratio
1509 2803 1635 2886 incipit.
1659 2799 1870 2863 Ordinariam
1890 2823 1970 2884 pon-

1222 2905 1301 2967 dere
1325 2920 1357 2967 et
1381 2905 1549 2967 volumine
1571 2901 1719 2978 excedit,
1758 2925 1797 2963 an
1822 2917 1856 2964 et
1882 2905 1972 2986 paria

1222 3019 1287 3068 tate
1308 3007 1430 3068 metalli
1444 3019 1599 3088 praestet,
1617 3025 1682 3068 non
1693 3003 1770 3065 satis
1781 3005 1863 3066 milri
1881 3024 1969 3066 com·

1220 3122 1360 3191 portum.
1390 3109 1434 3172 Vt
1458 3109 1491 3168 in
1515 3107 1623 3168 numia
1647 3105 1824 3167 ordinariis
1853 3125 1969 3188 argen-
2024 3167 2037 3176 ,

1221 3209 1283 3270 teis
1299 3220 1396 3292 caput
1416 3209 1555 3292 Augusti
1580 3221 1741 3292 perpetuo
1771 3219 1821 3267 cst
1845 3207 1969 3280 leores:

1219 3323 1306 3386 tum,
1349 3310 1396 3373 sio
1424 3309 1458 3370 in
1487 3307 1538 3370 his
1569 3321 1760 3371 constanter
1795 3307 1968 3378 radiatum,

1219 3411 1299 3494 quin
1328 3425 1362 3473 et
1385 3409 1450 3474 boc
1477 3410 1569 3474 cultu
1588 3423 1638 3472 est
1659 3421 1757 3491 caput
1790 3407 1970 3470 Diadume·

1218 3513 1326 3584 niani,
1356 3513 1419 3574 etsi
1441 3513 1560 3574 Caesar
1582 3525 1706 3574 tantum
1730 3510 1764 3572 in
1788 3509 1829 3571 iis
1858 3511 1970 3594 appel·

1218 3614 1315 3676 letur.
1339 3619 1557 3700 Augustarum
1574 3625 1669 3695 eaput
1686 3631 1818 3694 semper
1836 3611 1971 3694 imposi-

1218 3727 1286 3777 tum
1297 3715 1403 3790 lunae,
1422 3713 1817 3800 quodinsliisnunquam,
1829 3725 1970 3774 autnon·

1217 3817 1280 3880 nisi
1310 3837 1372 3900 per
1393 3837 1502 3880 casum
1528 3813 1837 3886 extraordinarium,
1870 3826 1970 3896 prout

1217 3919 1249 3980 in
1283 3939 1383 3982 nomo
1411 3917 1528 3981 Severi
1554 3921 1629 3980 anni
1656 3917 1695 3984 V.
1728 3917 1765 3976 C.
1790 3915 1874 3994 955,
1908 3913 1968 3976 bac

1216 4019 1331 4104 regula
1357 4017 1390 4080 in
1419 4017 1535 4095 nnieo,
1564 4035 1647 4102 qnos
1670 4015 1831 4092 viderim,
1866 4015 1968 4076 Doro·
2089 4057 2090 4084 ,

1218 4141 1279 4183 nae
1311 4141 1412 4182 numo
1439 4113 1597 4197 sallenle,
1629 4118 1688 4203 qui
1713 4131 1763 4180 est
1792 4118 1829 4178 in
1852 4135 1966 4178 museo

1219 4223 1380 4284 Caesareo
1406 4222 1601 4307 inscriptnss
1630 4219 1812 4285 VENERl.
1834 4219 1969 4282 GENE-

1218 4323 1345 4384 TlllCl.
1377 4327 1489 4407 Typos
1507 4321 1607 4385 babet
1623 4320 1777 4396 eosdem,
1808 4341 1892 4406 quos
1918 4339 1968 4380 sr-

1218 4425 1328 4507 gentei
1343 4425 1408 4486 alii.
1431 4427 1574 4510 Coeptus
1589 4421 1712 4508 signari
1720 4421 1781 4486 sub
1790 4421 1967 4494 Caracalla,

454 4649 485 4714 s)
505 4647 561 4705 Dio
575 4648 608 4703 L.
627 4649 773 4708 Lxxvss.
792 4656 818 4724 ᾗ.
837 4665 878 4709 11.
953 4651 987 4722 b)
1009 4655 1165 4733 Col'l'raj.
1185 4662 1295 4736 petto.
1377 4660 1407 4730 c)
1428 4659 1494 4738 Peg.
1512 4662 1634 4728 1067&
1722 4658 1757 4734 d]
1779 4663 1819 4722 B.
1838 4656 1870 4714 1..
1890 4653 1966 4713 Hiar.

423 4735 457 4796 Τ·
475 4735 554 4795 m·
576 4757 604 4814 P·
620 4749 665 4803 70·
681 4751 708 4802 7·
780 4743 811 4812 θ)
831 4741 864 4797 L·
883 4741 1032 4808 Lxxvlt.
1053 4747 1116 4819 b?-
1190 4747 1387 4818 niueam.
