4186 5492
972 381 1318 546 nantntuvs
1350 433 1390 546 ι.
1465 547 1471 554 ,

417 461 490 573 aot

421 625 605 716 duplicibus
622 616 1078 703 servanturquatuorditersi
1096 617 1161 682 ltoc
1219 617 1307 680 omni
1333 615 1526 680 crudelitate
1551 618 1720 682 saevitum.
1763 619 1814 683 An
1838 634 1964 706 patres,

418 731 585 796 tribunatu
606 721 772 806 inscripti,
794 733 830 782 ut
846 733 1050 804 praeteream
1068 720 1160 796 alios,
1218 719 1505 802 quiMaximinum
1527 738 1567 780 ott
1586 719 1619 780 S.
1636 721 1671 782 C.
1694 719 1735 784 de
1758 741 1884 785 summa
1906 746 1967 808 po·

419 833 475 922 qui
505 831 538 892 iu
578 824 735 908 catalogis
773 821 935 884 adcuratia
969 819 1160 884 recitantur.
1219 833 1336 882 testate
1350 819 1555 902 dejecerant,
1577 819 1683 883 altero
1699 825 1967 890 senatusconsul-

420 939 713 1030 Qnantumcunque
744 935 870 984 mature
895 920 1069 1005 imperium
1094 925 1161 983 Ma·
1219 933 1252 982 to
1271 921 1341 1002 ejus
1366 920 1966 1012 nominepecttniamleriundumcn·

418 1035 534 1098 simini
551 1027 709 1102 ordiaris,
732 1021 819 1110 quod
838 1023 878 1100 ii,
901 1021 957 1108 qui
982 1021 1160 1104 plurimum
1218 1019 1380 1096 raserint,
1403 1021 1492 1106 quod
1507 1042 1637 1104 semper
1657 1045 1804 1099 summae
1821 1040 1966 1108 potesta,-

419 1137 614 1220 enticipant,
638 1129 752 1192 saltem
778 1149 796 1188 a
820 1123 939 1186 Martio
959 1124 1034 1184 anni
1059 1125 1103 1192 V.
1124 1126 1160 1188 G.
1218 1123 1259 1183 tis
1277 1121 1440 1185 consessio
1462 1121 1606 1186 habitum
1623 1125 1697 1186 eat?
1727 1128 1779 1186 An
1793 1125 1896 1190 iidem
1909 1150 1964 1211 pa·

419 1235 481 1322 988
502 1236 641 1308 ducunt,
665 1243 698 1292 ct
721 1244 912 1312 quacunque
939 1225 1087 1288 renovati
1104 1223 1162 1286 tri·
1217 1237 1306 1300 tres,
1329 1225 1386 1308 qui
1407 1246 1483 1288 mox
1498 1247 1563 1286 aua
1588 1224 1622 1300 in
1647 1223 1834 1289 Gordianos
1860 1227 1964 1295 studia

418 1335 558 1399 bonatus
592 1330 752 1394 sententia
783 1343 894 1404 utare,
930 1345 1066 1389 neeesse
1100 1338 1160 1402 est,

418 1433 588 1500 Maximini
612 1431 812 1494 tribunatum
837 1431 895 1498 lV.
921 1429 954 1490 in
983 1427 1101 1490 annu'm
1119 1429 1160 1496 V.

419 1540 456 1604 C.
473 1555 531 1620 99ι
550 1533 687 1597 differri.
720 1529 824 1626 Quam
839 1529 984 1613 graviter
997 1547 1058 1612 pet·
1072 1527 1160 1590 hunc

354 1637 357 1646 ’
417 1637 618 1702 tribunatum
641 1631 851 1706 laborentii,
883 1632 939 1714 qui
963 1647 1038 1691 eum
1061 1627 1160 1692 natali

417 1736 548 1824 imperii
575 1735 787 1796 instauratum
813 1729 988 1806 adserunt,
1020 1727 1096 1790 satit
1120 1747 1163 1792 ex

417 1837 566 1904 terminis
585 1833 656 1918 ejus
674 1831 804 1919 imperii
825 1845 969 1918 apparet.

289 2113 292 2120 .
418 2063 458 2126 ll.
479 2063 625 2144 defectio
642 2063 877 2126 Gordianorum
903 2055 939 2116 io
959 2053 1076 2133 Africa
1096 2072 1161 2116 nort

475 2168 584 2247 potuit
599 2163 857 2242 continuarentur·
870 2163 978 2223 eodem
987 2175 1072 2218 anno
1082 2157 1119 2218 V.
1130 2157 1161 2216 C.

455 2251 554 2364 spat.
572 2269 610 2330 Ρ.
627 2267 671 2328 x.
686 2271 761 2328 aaa.

480 2449 574 2513 Hane
589 2447 760 2524 Petarius,
782 2459 815 2510 et
830 2443 988 2510 Calvisius
1009 2441 1163 2505 inchoant

418 2569 501 2614 anno
527 2551 568 2618 V.
593 2551 629 2614 C.
654 2550 716 2632 989
739 2551 777 2610 P.
801 2547 841 2606 X.
864 2545 945 2622 aab,
980 2545 1161 2607 Tillemon-

415 2649 481 2714 tius
503 2651 546 2720 V.
570 2649 605 2712 C.
630 2669 693 2732 990
720 2653 757 2711 Ρ.
779 2649 820 2711 X.
847 2647 908 2732 237
939 2647 978 2728 ¹).
1020 2643 1159 2730 Vtrique

418 2753 598 2816 sententiae
609 2773 729 2818 canore
746 2752 959 2816 adversantur
972 2747 1072 2844 nunti.
1094 2732 1162 2815 Vo'·

417 2871 529 2916 cemus
544 2855 578 2916 in
591 2855 748 2938 judicium
767 2852 959 2917 sententiam
980 2849 1162 2914 Tillenten·

415 2953 473 3028 tii;
495 2975 569 3017 nam
595 2956 655 3020 hac
679 2977 794 3022 eversa
818 2949 1048 3036 multomagis
1071 2948 1161 3014 labo·

1220 1326 1353 1410 signatls
1388 1325 1505 1388 horum
1544 1325 1685 1410 imagine
1709 1328 1818 1390 nuntie
1849 1341 1963 1394 testata

1218 1427 1350 1504 secere,
1382 1447 1448 1490 nno
1473 1425 1656 1514 eodemque
1678 1442 1831 1512 tempore
1859 1443 1965 1494 etnu-

1217 1529 1267 1592 vis
1281 1530 1331 1592 ltis
1341 1529 1506 1614 Augustis,
1529 1551 1611 1614 quos
1623 1544 1878 1596 conservatores
1890 1552 1964 1600 suos

1218 1651 1401 1714 agnovere,
1424 1645 1457 1692 et
1482 1629 1626 1712 judicato
1643 1633 1768 1714 patriae
1792 1631 1884 1694 ltosti
1898 1653 1963 1696 mo·

1218 1745 1327 1794 netum
1353 1731 1600 1796 dedicaverint?
1635 1732 1695 1794 Cui
1716 1732 1805 1793 istud
1822 1753 1961 1818 unquam

1219 1851 1297 1894 sano
1323 1833 1600 1916 persuadebitur?
1643 1832 1710 1894 Sed
1734 1834 1831 1897 renis
1862 1834 1963 1900 danda

1217 1933 1298 1996 viris
1309 1933 1501 2008 illustribus,
1515 1934 1571 2017 qui
1580 1953 1698 1995 annum
1707 1935 1960 2016 praecedentem

1218 2033 1385 2110 maluere,
1407 2035 1560 2120 quoniam
1576 2056 1692 2096 numos
1702 2036 1876 2098 Maximini
1892 2059 1960 2102 eunt

1218 2133 1385 2200 tribunatu
1409 2139 1464 2202 IV.
1492 2151 1546 2199 aut
1571 2137 1829 2221 ignoraverunt,
1853 2153 1908 2204 ant
1930 2140 1978 2202 in'

1219 2234 1391 2300 dubiorum
1414 2243 1490 2303 loco
1508 2237 1709 2301 hahuerunt.

1219 2457 1274 2518 ιιι.
1297 2425 1414 2522 caeos
1429 2417 1562 2522 amotas
1576 2471 1609 2525 ae
1622 2463 1760 2542 raptat
1780 2465 1888 2524 sesa
1901 2481 1961 2528 m·
1988 2415 1997 2442 ⁸

1276 2565 1385 2640 potuit
1406 2565 1605 2642 continperc,
1627 2583 1723 2644 qoam
1735 2550 1797 2626 'ad
1810 2585 1961 2628 mm
2083 2627 2084 2634 ,

1280 2673 1416 2734 eueoote
1428 2665 1514 2726 Iulio
1535 2667 1571 2728 V.
1592 2666 1623 2729 C.
1637 2661 1713 2768 m·
1726 2667 1763 2726 Ρ.
1778 2667 1822 2728 Χ.
1840 2673 1914 2732 238.

1281 2847 1487 2932 Frequenter
1513 2847 1676 2911 habentur
1696 2850 1790 2912 numi
1807 2851 1960 2914 Gordiani

1217 2949 1273 3010 Ill.
1295 2949 1329 3010 in
1356 2953 1506 3034 Aegypto
1530 2949 1663 3033 signati,
1688 2951 1745 3034 qui
1765 2973 1888 3016 annum
1905 2955 1961 3015 itu·
2082 3007 2083 3065 9

415 3052 502 3116 rabit
518 3057 702 3118 Pacatiana.
1217 3050 1301 3134 perii
1318 3051 1409 3126 Vll,
1430 3070 1549 3134 nempe
1566 3051 1604 3110 1..
1624 3053 1660 3112 Ζ.
1681 3051 1838 3118 offerunt.
1882 3055 1960 3125 ,Caua

478 3152 629 3216 Diximus
645 3155 784 3218 articulo
797 3149 1033 3236 praecedente,
1056 3164 1161 3214 exsta·
1218 3163 1358 3226 constet,
1374 3150 1573 3214 Gordianum
1583 3172 1714 3216 caetum
1728 3155 1866 3218 circiter
1875 3140 1971 3218 men?

415 3272 455 3318 re
471 3273 588 3316 numos
605 3256 774 3318 Maximini
798 3274 872 3316 cunt
900 3251 1066 3314 tribunatu
1085 3255 1160 3330 lV.,
1192 3273 1254 3316 .se
1281 3252 1400 3316 Martio
1420 3253 1461 3321 V·
1489 3253 1524 3316 C.
1549 3274 1630 3337 997,
1661 3269 1695 3317 et
1719 3257 1904 3341 Aegyptios
1926 3270 1961 3318 ut

417 3373 558 3440 quorum
592 3356 647 3418 alii
676 3369 786 3418 notam
817 3353 851 3417 S.
883 3352 922 3416 G.
959 3351 1159 3437 praeierunt,
1217 3375 1319 3418 annos
1345 3353 1477 3428 civiles,
1501 3355 1548 3417 sic
1570 3367 1604 3416 et
1624 3376 1726 3418 annos
1748 3357 1883 3441 imperil
1909 3357 1961 3418 dis
2081 3391 2082 3413 2

367 3525 369 3530 ,
418 3473 542 3539 eosque
562 3455 638 3534 sine
660 3456 758 3519 dubio
780 3455 821 3524 V.
839 3455 875 3518 C.
893 3471 951 3537 99ι
974 3472 1158 3536 percussos.
1215 3453 1650 3544 XXIX.Augustireuorare
1667 3457 1802 3534 solitos,
1823 3477 1961 3522 necesse

414 3558 458 3620 At
475 3575 537 3640 qua
554 3555 588 3618 id
601 3557 727 3620 ratione
742 3577 855 3622 rorum
873 3573 946 3618 ests
977 3567 1108 3638 posset,
1131 3553 1159 3618 si
1216 3569 1286 3633 est,
1308 3569 1345 3618 nt
1368 3578 1469 3620 annus
1491 3558 1563 3625 Vll.
1589 3557 1700 3621 locum
1716 3557 1857 3636 babeat,
1879 3579 1962 3624 anno

412 3655 481 3740 jam
508 3655 592 3720 annb
618 3659 838 3742 praecedente
861 3656 1159 3738 defecissentGor·
1215 3657 1241 3721 l.
1269 3655 1426 3719 Gordiani
1449 3672 1524 3721 ante
1555 3658 1644 3721 diem
1677 3659 1798 3750 xttttt.
1823 3661 1961 3746 Augusti

294 3777 302 3790 ·
417 3756 530 3820 diani?
567 3759 720 3822 'festibus
745 3759 935 3822 Herodiano
968 3771 1001 3820 et
1031 3757 1159 3840 Capito·
1215 3759 1256 3828 V.
1276 3761 1313 3824 C.
1331 3779 1390 3843 99ι
1419 3758 1592 3822 stationem
1614 3759 1868 3842 adsignandam,
1898 3781 1960 3846 quo

350 3873 356 3880 '
415 3857 503 3934 lino,
535 3880 609 3922 eunt
634 3861 775 3942 primum
801 3863 941 3922 Romam
971 3858 1160 3919 nunciatum
1218 3857 1271 3924 die
1290 3867 1409 3922 'exorto
1436 3860 1591 3924 continno
1615 3863 1717 3925 scribi
1739 3863 1851 3948 eoepit
1868 3861 1906 3922 L.
1922 3865 1958 3926 Β.

416 3971 486 4032 est,
509 3959 682 4022 Gordianis
704 3962 738 4022 iu
761 3961 872 4024 Africa
890 3959 1063 4044 imperium
1081 3957 1161 4020 fuis·
1215 3962 1314 4026 Hunc
1339 3961 1498 4024 Gordiani
1520 3983 1640 4026 annum
1665 3965 1691 4023 1.
1716 3963 1839 4026 eximie
1862 3963 1960 4028 luisse

418 4079 454 4122 se
469 4059 633 4137 delatum,
661 4061 816 4124 continuo
838 4059 1034 4124 Maximinus
1055 4057 1160 4122 bostis
1215 4059 1448 4136 macilentum,
1471 4063 1641 4147 colligitur
1656 4063 1713 4128 vel
1730 4085 1772 4126 ex
1796 4067 1868 4150 ipsa
1883 4065 1958 4129 ran'·
2079 4089 2080 4098 ¹

417 4175 571 4223 asenatu
601 4161 762 4246 judicatus
787 4174 837 4225 est
866 4159 951 4224 datis
976 4158 1018 4222 ad
1044 4179 1159 4223 omnes
1214 4175 1470 4227 tatenumorum
1482 4165 1802 4244 Alexandrinorum,
1825 4187 1898 4238 cum
1917 4181 1959 4245 ta:

417 4260 584 4342 praesides
602 4263 725 4346 literis,
748 4276 784 4327 ut
799 4263 889 4324 illam
907 4240 1050 4329 belluam
1068 4265 1159 4329 omni
1214 4283 1290 4328 mett
1304 4262 1443 4328 aliorum
1459 4285 1619 4330 annorum
1634 4267 1727 4330 numi
1741 4267 1919 4336 abundent·

417 4359 451 4422 ri
478 4379 772 4445 persequerentur,
811 4385 887 4426 mox
916 4366 1085 4444 inversae,
1123 4381 1158 4430 et

420 4461 605 4522 confractae
631 4463 700 4544 ejus
722 4463 897 4546 imagines,
926 4481 964 4531 et·
980 4467 1014 4528 in
1035 4467 1157 4532 amieos

459 4667 488 4736 a)
508 4664 583 4722 Nota
602 4665 653 4750 IV.
673 4665 705 4724 itt
721 4667 868 4727 Maximin.
