4186 5492
402 479 475 556 tot
808 447 960 524 SVLP.
987 441 1155 522 vrtAN.
1194 437 1549 516 ANTONINVS.
1664 479 1670 486 ·

404 657 459 707 sut
485 643 582 705 otiam
605 634 791 700 Caracallus
808 634 872 697 sint
889 629 1064 694 tribuendi.
1087 617 1167 692 Fa!
1204 625 1277 701 lus,
1299 623 1361 686 etsi
1378 621 1464 688 istud
1482 623 1684 708 ignoremus.
1705 622 1805 686 Numi
1822 636 1948 690 tautum

403 759 497 817 teor,
539 739 669 821 utrique
702 735 835 800 omnino
869 735 1000 797 obstare
1028 751 1147 794 anunm
1205 727 1325 791 Graeci
1346 726 1532 790 caracallae
1559 724 1721 787 dederunt
1744 745 1868 788 nornen
1891 728 1947 790 Se·
2066 775 2067 778 ,

405 843 571 930 epochae,
595 839 653 902 sed
669 858 734 900 non
758 836 875 899 desunt
893 834 1042 917 exempla
1058 851 1150 896 erro·
1203 829 1294 903 veri,
1325 827 1524 890 Etruscillae
1555 843 1677 888 nomeu
1698 826 1948 910 Cupresseniae,

404 967 479 1010 runt
494 965 512 1006 a
530 941 721 1005 monetariis
735 939 768 1000 in
786 937 927 1000 notanda
946 934 1072 1019 epocha
1094 933 1149 995 ad·
1205 929 1357 992 Gallieno
1380 927 1532 1010 Egnatii,
1563 927 1736 990 Saloninae
1752 927 1949 1012 ¹Chrysogo·
2067 971 2068 1026 ,

403 1046 590 1108 missorum.
618 1045 726 1126 Atque
740 1039 837 1102 etiarn
857 1039 910 1102 hio
929 1037 1075 1120 epochae
1094 1056 1148 1097 an·
1203 1049 1282 1103 nes,
1322 1029 1439 1112 quibus
1476 1027 1751 1112 appellationibus
1784 1028 1948 1094 abstinent

402 1165 465 1208 nus
482 1145 576 1207 unica
601 1141 719 1204 liducia
741 1153 811 1217 cst,
834 1159 896 1222 qua
922 1137 1078 1200 Antonini
1101 1149 1148 1218 ty·
1203 1131 1294 1194 numi
1319 1129 1468 1193 Romani.
1491 1130 1646 1191 Ceterum
1664 1127 1741 1192 ride
1766 1127 1948 1210 prolixiora
2067 1137 2068 1140 ’

403 1247 497 1310 renni
519 1265 615 1308 cansa
640 1241 767 1305 nititur.
810 1243 890 1304 Illam
913 1237 1002 1324 quod
1031 1236 1072 1298 ad
1090 1230 1148 1298 no''·
1205 1231 1246 1293 de
1266 1229 1577 1312 bisnumisjndicia
1600 1229 1892 1314 apudHoyrniunr‚
1914 1246 1948 1294 et

401 1369 478 1410 suen
508 1345 647 1430 Sulpicii
670 1343 801 1417 attinet,
830 1353 960 1424 poterat
981 1338 1046 1400 hoc
1073 1355 1146 1399 esse
1203 1331 1394 1394 Bimardum
1418 1330 1466 1415 ¹),
1489 1331 1720 1396 Maaaolenum
1735 1331 1786 1411 Ι’),
1808 1345 1844 1398 et
1867 1331 1946 1398 Haf-

401 1447 568 1534 prseditus
596 1459 652 1510 sut
684 1443 870 1520 Caracalla,
900 1453 955 1504 sut
988 1438 1149 1524 Elagaba·
1193 1433 1304 1531 'icium
1321 1433 1361 1516 ο).

692 1787 704 1830 ,
752 1758 785 1819 c.
827 1755 1016 1822 narra
1058 1751 1233 1818 roura
1272 1727 1597 1816 nAxrosrt'vrs.

466 1993 502 2056 C.
521 1991 741 2059 luliusVerus
753 1989 967 2066 Maximinus,
990 2008 1073 2075 quae
1087 1987 1148 2050 lru·
1202 1981 1297 2060 Iulii,
1322 1995 1413 2046 certe
1428 1999 1494 2044 non
1508 1979 1636 2064 serius,
1656 1993 1806 2069 utsupra
1824 1979 1939 2048 indle·

402 2095 454 2176 jus
464 2093 671 2177 imperatoris
686 2105 760 2154 sunt
769 2092 899 2154 nomina
916 2091 1053 2154 testibus
1063 2111 1146 2151 mar·
1202 2085 1328 2150 xandro
1345 2083 1493 2170 probari.
1628 2165 1631 2174 ⁴

400 2195 568 2271 moribus,
598 2206 768 2258 natusest
799 2193 833 2254 in
864 2191 1004 2256 Thracia
1029 2211 1146 2276 paren·
1328 2179 1330 2186 ’

400 2296 488 2358 tibus
515 2295 681 2374 barbaris,
712 2314 851 2380 qnorum
875 2294 959 2355 alter
982 2291 1144 2369 eGotbis,
1272 2295 1276 2304 '
1379 2293 1414 2352 V.
1440 2293 1470 2353 C.
1492 2298 1566 2356 988.
1588 2295 1623 2354 Ρ.
1647 2291 1688 2352 Χ.
1711 2295 1784 2352 235.

399 2411 507 2460 mater
530 2417 572 2460 ex
596 2397 708 2460 Alanis
736 2395 808 2458 fuit.
851 2394 932 2476 Ejus
955 2392 1061 2478 prima
1078 2391 1146 2456 vita
1292 2393 1401 2482 w.
1420 2393 1508 2453 COS.
1523 2393 1619 2454 ΗΕΒ.
1641 2395 1677 2453 Ρ.
1699 2396 1744 2456 Μ.
1767 2396 1801 2454 Ρ.
1824 2395 1861 2455 Ρ.

400 2497 591 2582 pastoritia,
612 2513 643 2560 ot
660 2518 735 2561 eum
750 2495 974 2560 liberaliorem
997 2494 1059 2556 sibi
1078 2493 1146 2556 for·
1361 2493 1499 2570 Severo,
1523 2495 1699 2572 Quintiano
1717 2513 1782 2558 cos.

399 2611 510 2660 tunam
528 2622 546 2660 a
564 2600 714 2684 eorporis
726 2598 868 2674 robore,
891 2617 955 2682 qno
975 2617 1071 2680 supra
1086 2592 1146 2656 bo·

399 2699 497 2760 minis
521 2697 655 2762 modum
677 2699 822 2776 volebat,
850 2699 986 2762 auderet
1010 2696 1144 2781 promit·
1266 2692 1370 2757 caeso
1394 2693 1583 2758 Alexandro
1608 2693 1805 2759 Maximinus
1829 2698 1869 2762 ab
1891 2718 1944 2762 ex·

400 2811 492 2880 tere,
521 2805 660 2864 Romam
682 2800 790 2875 venit,
812 2799 947 2885 ejusque
974 2820 1049 2862 cum
1069 2817 1145 2882 pro·
1203 2793 1310 2859 ereitu
1340 2795 1520 2879 imperator
1552 2796 1751 2859 adclamatus
1784 2799 1942 2884 probante
2071 2821 2072 2826 ¹

402 2901 591 2978 ceritatem,
621 2916 691 2964 tum
719 2901 808 2962 rircs
834 2901 968 2962 miratus
1001 2899 1144 2962 Severus
1202 2917 1280 2958 mox
1304 2897 1592 2960 senaturcsistere
1610 2919 1784 2964 nonauso.
1824 2902 1943 2964 Filium

399 3001 551 3062 militiam
574 3003 667 3084 sequi
688 3001 793 3086 jussit.
827 2998 895 3062 Sub
910 2999 993 3076 boc,
1017 3011 1051 3060 et
1074 2996 1144 3061 lilio
1202 2998 1381 3061 Maximum
1416 2999 1589 3062 Caesarem
1617 3013 1726 3076 creat,
1764 3021 1942 3088 omnesque

400 3101 569 3167 Caracalla
600 3119 674 3162 curn
702 3102 809 3164 varios
842 3097 966 3162 ordinis
990 3098 1040 3160 sui
1072 3113 1155 3182 gra-¹
1201 3099 1380 3162 Alexandri
1407 3101 1529 3164 amicos
1554 3114 1609 3163 aut
1635 3101 1712 3164 loco
1737 3115 1867 3178 moret,
1891 3117 1943 3165 aut

402 3203 462 3264 dus
481 3200 697 3282 pervasisset,
721 3199 857 3298 subinde
882 3197 990 3260 taedio
1006 3199 1144 3262 Macrini
1201 3199 1370 3263 interimit.
1397 3201 1550 3263 Rhenum
1567 3214 1791 3287 transgressus
1811 3205 1943 3269 Germa·

398 3303 434 3363 in
451 3301 587 3386 patriam
608 3301 725 3380 rediit,
749 3321 813 3386 quo
830 3319 926 3363 caeso
943 3319 1096 3364 reversus
1110 3301 1156 3382 in¹
1200 3321 1262 3366 nos
1280 3300 1372 3365 bello
1393 3301 1531 3386 impetit.

401 3417 507 3466 castra
533 3403 643 3486 paullo
668 3417 742 3488 post
764 3401 804 3464 ab
821 3399 1032 3476 Alexandro,
1055 3402 1144 3485 igna·
1426 3461 1428 3468 ,
1480 3447 1500 3486 ,,
1563 3403 1583 3443 *
1645 3447 1666 3487 2

396 3523 442 3568 ro.
468 3511 556 3580 tum‘,
587 3525 684 3589 quern
714 3503 870 3578 efferret,
908 3499 950 3566 ad
983 3503 1167 3566 maximos·
1342 3505 1941 3576 IMP.ttAx1ot11tvs.Ptv8.avc.

399 3605 545 3667 honores
571 3620 708 3690 propter
739 3605 890 3668 laborum
925 3603 1141 3680 tolerantiam,
1344 3610 1445 3687 Caput
1459 3610 1647 3686 laureatum,
1670 3611 1771 3672 etiam
1784 3613 1941 3674 radim

399 3720 434 3768 et
464 3706 657 3790 disciptinae
688 3705 839 3769 militaris
874 3705 1042 3768 scientiam
1066 3726 1143 3789 pro·
1343 3709 1379 3768 in
1397 3711 1468 3770 ΑΕ.
1484 3709 1531 3770 11.

398 3819 508 3870 motus
528 3821 597 3882 est,
625 3821 659 3870 ct
682 3803 869 3891 praefectus
894 3807 1141 3890 supplementis,
1199 3805 1237 3868 P.
1255 3807 1301 3866 tt.
1319 3807 1390 3869 TR.
1411 3811 1449 3869 P.
1466 3810 1503 3870 Ρ.
1524 3809 1560 3870 Ρ.
1582 3811 1760 3890 Imperator
1769 3815 1940 3892 paredam

399 3929 484 3992 quae
500 3907 570 3990 ipse
588 3909 623 3968 in
647 3908 812 3971 Pannonia
828 3907 1079 3991 conscripserat.
1101 3907 1142 3974 V.
1200 3917 1290 3967 stans
1303 3909 1386 3972 inter
1401 3913 1739 3989 dnoaiqnamr'lr'larin
1748 3918 1779 3976 d.
1790 3917 1895 3988 cloto,
1915 3903 1942 3975 n

398 4009 437 4071 C.
458 4008 520 4091 988
547 4008 769 4072 Alexandrum
796 4009 837 4072 ad
854 4011 981 4075 bellum
1009 4007 1144 4070 Germa·
1199 4010 1335 4070 kastam
1354 4009 1422 4074 AV·
1440 4010 1508 4071 an.
1528 4011 1593 4072 ΑΕ.
1614 4011 1637 4074 l.
1655 4009 1695 4074 ll.
1711 4001 1822 4094 ’(Μιιε.
1838 4013 1939 4094 Caes.)

400 4111 511 4172 nicom
526 4125 674 4188 secutus,
696 4109 802 4172 fretus
822 4111 991 4195 legionum
1005 4109 1039 4169 iu
1053 4106 1143 4170 hune
1362 4113 1486 4173 Eadem
1506 4115 1652 4176 αάυεηα.

357 4277 360 4282 ,
399 4209 646 4288 odio'recente,
669 4233 868 4295 suorumque
886 4211 1026 4286 adiectu,
1042 4209 1144 4293 impe·
1199 4207 1501 4274 LIBERALITAS.
1518 4211 1618 4281 Ave.
1631 4203 1829 4279 liberalitas
1845 4229 1941 4280 stass.

397 4325 544 4375 retorem
565 4311 606 4374 de
626 4333 662 4374 so
677 4313 814 4396 egregie
837 4312 1053 4395 promeritum
1069 4330 1144 4393 per·
1200 4311 1269 4378 AV.
1292 4311 1361 4374 AR.
1391 4314 1427 4374 ln
1455 4313 1547 4376 aliis:
1576 4317 1754 4394 Imperator
1778 4323 1938 4400 conpiario

397 4409 464 4476 iide
482 4431 501 4474 e
519 4411 629 4477 medio
642 4413 789 4490 sustulit,
813 4411 900 4478 sorte
912 4413 999 4476 circa
1014 4411 1143 4474 initium
1196 4417 1394 4493 praesidem.
1413 4415 1481 4476 ΔΕ.
1503 4417 1527 4477 1.
1550 4417 1650 4497 (Mos.
1666 4419 1776 4499 Caes.)

387 4655 388 4658 Ἴ
438 4691 584 4768 a)ll.cc.
658 4693 907 4775 litteratorios.
923 4719 954 4778 p.
972 4708 1024 4764 lit
1047 4709 1077 4760 et
1092 4709 1155 4774 tro.
1229 4699 1574 4798 e)Aut.Gall.p.118.
