4264 5516
59 933 66 940 ’
158 909 198 968 Ι..
225 911 301 970 Veri
315 911 443 969 nudum.
460 907 541 969 AR.-

663 507 1017 613 Arronru'us
1067 521 1216 599 rrvs.
1375 510 1377 514 ’
1661 555 1708 630 rr

83 756 89 771 ,
179 663 202 696 '¹
305 705 429 766 eadm
450 707 596 766 aduena
692 711 695 718 '
963 679 1139 790 ,astumque
1170 709 1334 784 Antonino
1365 713 1551 780 OPTIMO.
1585 719 1709 780 MAXI-

157 805 249 867 lMl'.
273 807 312 866 t..
330 803 488 872 AVREL.
506 803 663 873 VERVS.
684 805 785 872 AVG.
809 808 911 884 Caput
966 807 1076 900 MOQ.
1094 811 1294 874 PRINCIPI.
1317 816 1387 880 ΕΤ.
1410 817 1511 885 CVM.
1542 819 1708 885 SVMMA.

965 909 1278 977 BENIGttl'rATE.
1323 917 1585 984 IVSTISSIMO.
1636 921 1709 984 OB.

226 1007 410 1093 Singularis
429 1007 482 1071 bic
508 1029 645 1083 numus,
665 1005 909 1070 nisiforteunn
965 1008 1190 1072 INSIGNEM.
1228 1013 1360 1106 pRGA.
1396 1018 1709 1086 CAERIMONIAS.

158 1111 359 1194 permutatio
388 1107 554 1184 matricis,
586 1121 640 1170 aut
662 1109 830 1192 quaepiam
855 1127 909 1170 ve·
965 1111 1188 1174 PVBIICAS.
1220 1116 1381 1180 CVRAM.
1416 1120 1483 1183 AC
1511 1121 1711 1184 RELIGIO-

160 1210 243 1272 teris
262 1210 451 1294 impostoris
465 1208 554 1270 fraus
569 1209 768 1294 singularem
786 1208 907 1283 effecit,
966 1213 1073 1274 NEM.
1103 1213 1145 1274 At
1171 1215 1274 1278 multo
1297 1217 1504 1303 istudmsgIs
1518 1221 1712 1286 confirmant

161 1311 270 1373 aditus
298 1325 350 1374 est
363 1333 382 1372 a
400 1291 583 1394 Vignolio
574 1332 608 1372 rn
626 1310 853 1374 dissertatione
866 1309 908 1373 de
966 1311 1058 1372 numi
1078 1312 1168 1396 pium
1194 1313 1258 1378 boe
1283 1316 1352 1400 ejus
1374 1321 1517 1383 studium
1541 1321 1712 1405 depraedi-

162 1413 324 1476 Columna
340 1415 417 1476 Ant.
440 1433 473 1495 p.
496 1411 564 1494 2⁶7.

368 1617 484 1678 Numi
505 1585 716 1678 Antonini

202 1719 429 1800 antiquitatem
449 1721 628 1780 Romanam
648 1719 857 1778 restituentes.

223 1919 268 1986 Vt
284 1915 481 1999 religionem
492 1917 622 1994 avitam,
640 1939 678 1981 ac
697 1917 912 1981 caerimonias

163 2037 363 2082 conservare
380 2019 544 2102 integras,
563 2039 600 2082 ac
617 2039 715 2102 puras
734 2019 820 2098 omni
836 2039 912 2081 con·

163 2121 313 2183 tentione
348 2120 550 2182 adlaboravit
579 2122 779 2194 Antoninus,
815 2135 911 2205 atque

163 2223 263 2286 etiam
287 2220 352 2285 hoc
378 2221 475 2284 titulo
501 2222 586 2284 alter
611 2225 716 2284 Numa
738 2223 838 2306 vulgo
863 2234 912 2284 est
937 2283 940 2286 ,

162 2324 312 2398 habitus,
348 2323 394 2386 ita
424 2335 458 2383 et
488 2325 613 2386 Romae
657 2325 839 2397 nascentis,
873 2341 910 2385 ac

160 2425 260 2508 primi
277 2425 356 2508 'ejus
373 2425 446 2486 aevi
463 2424 613 2508 prodigia
633 2447 759 2486 summa
776 2423 912 2507 religio·

161 2545 204 2588 ne
220 2526 418 2600 observarit,
441 2544 621 2611 eorumque
641 2528 831 2588 memor-iam
848 2547 910 2608 qua

160 2627 269 2710 potuit
301 2628 427 2688 ratione
458 2627 500 2688 ad
534 2629 759 2692 renouandum
787 2627 906 2690 civium

160 2728 196 2788 in
233 2728 372 2812 patriam
394 2749 540 2791 amorem
563 2729 740 2793 revocavit.
771 2727 907 2791 Acuerit

159 2831 345 2914 priucipem
368 2849 468 2913 snper
489 2829 632 2898 innatam
649 2830 805 2913 pletatem
821 2842 907 2890 nata·

159 2931 202 2993 lis
217 2930 308 2992 urbis
323 2930 609 3013 nongentesimus,
633 2951 728 3014 quem
745 2929 907 2994 celebrari
954 2997 957 3006 ‚

161 3053 197 3095 se
222 3033 406 3115 imperante
430 3032 578 3114 contigit.
607 3033 658 3095 De
683 3031 752 3114 ejus
768 3031 802 3090 in
827 3029 915 3091 anri-

160 3133 319 3218 quitatem
342 3131 479 3213 patriam
502 3132 707 3196 observantia
734 3131 816 3192 nihil
840 3151 907 3192 me·

160 3233 287 3298 moriae
307 3231 485 3316 prodidere
504 3234 698 3318 superstites
713 3253 824 3295 rernm
841 3235 907 3294 Ro-

161 3353 330 3397 manarum
346 3334 533 3418 scriptores.
558 3339 682 3399 Tamen
695 3335 822 3418 insigne
837 3334 907 3416 ejus

160 3437 283 3500 iactum
308 3433 372 3496 buc
388 3437 557 3518 pertinens
573 3449 806 3498 commemorat
824 3438 907 3496 Pau·

159 3539 285 3612 sanias,
316 3535 372 3621 qui
395 3548 524 3611 narrat,
556 3537 755 3599 Antoninum
779 3537 907 3598 Pallan·

160 3640 243 3702 tium
263 3635 439 3712 Arcadiae,
462 3655 536 3698 cum
554 3637 646 3699 vicus
668 3650 755 3698 esset
781 3619 908 3720 ignobi·

159 3740 223 3813 lis,
252 3739 286 3800 in
318 3731 409 3800 urbis
431 3733 572 3798 sormam
607 3740 798 3822 ampliasse,
827 3737 908 3798 libe·

159 3859 319 3956 rumque,
347 3849 382 3900 et
410 3835 613 3899 atributis'
603 3858 748 3901 immune
776 3838 906 3914 iecisse,

159 3941 315 4026 quoniam
354 3937 430 4000 inde
467 3957 542 4000 cum
574 3939 701 4000 colonis
738 3939 906 4022 proiectus

159 4041 316 4126 Evander
339 4050 475 4124 propter
492 4037 638 4102 Tiberim
663 4061 704 4102 eo
729 4041 804 4104 loco
831 4061 907 4104 eon·

159 4143 263 4216 sedit,
288 4141 344 4226 qui
367 4133 441 4224 pars
462 4157 576 4225 postea
592 4143 682 4204 urbis
698 4145 823 4204 Romae
837 4142 906 4204 fue·

160 4259 232 4318 rat,
261 4257 294 4304 et
318 4264 379 4326 pro
391 4244 553 4305 Pallantio
572 4241 687 4305 ablatis
707 4243 782 4305 inde
801 4243 906 4305 literis

967 1425 1097 1488 cantes,
1127 1415 1183 1498 qui
1211 1416 1362 1502 plerique
1392 1421 1559 1489 maximae
1584 1423 1711 1486 formae

950 1525 1058 1587 sunt,
1081 1533 1163 1596 quos
1180 1515 1263 1578 adeo
1281 1538 1396 1584 omnes
1414 1523 1597 1606 argumenti
1616 1543 1713 1590 causa

956 1610 1059 1684 ,lubet
1074 1615 1192 1679 eodem
1210 1616 1285 1681 loco
1301 1618 1336 1680 in
1350 1639 1562 1708 conspectum
1578 1629 1668 1696 dare.

1332 1803 1351 1842 A

1000 1929 1005 1937 ι
1111 1844 1745 1980 anrodrnvs.tbc.rrvsr.r.·

1112 2003 1182 2065 ΤΒ.
1209 2007 1245 2065 P.
1264 2005 1360 2070 008.
1385 2010 1440 2076 111.
1472 2016 1572 2092 Caput
1588 2019 1714 2080 laurea·

1112 2113 1188 2166 tum.

970 2203 1247 2284 Sineepiqraplte..
1261 2207 1448 2274 Herculeus.
1458 2216 1560 2276 leotris
1577 2223 1713 2284 exuvias

969 2312 1090 2388 tenens,
1105 2307 1280 2380 dexteram,
1302 2331 1367 2391 qua
1386 2315 1511 2382 clavam
1528 2325 1621 2392 tenet,
1644 2323 1713 2400 qui·

969 2407 1103 2465 busdam
1112 2410 1519 2494 deosculandamporriqit5
1533 2421 1638 2493 juxta
1653 2423 1711 2482 Ca·

960 2523 1024 2566 aus
1037 2507 1125 2567 humi
1137 2517 1274 2585 stratus,
1298 2523 1331 2572 et
1344 2533 1472 2592 merus,
1502 2535 1544 2578 ec
1561 2541 1623 2600 quo
1637 2541 1712 2598 prn-

967 2615 1088 2670 tructus
1101 2611 1179 2688 suit.
1200 2611 1269 2674 AF..
1286 2633 1328 2675 rn.
1346 2634 1390 2676 m.
1411 2615 1510 2694 (Mus.
1525 2617 1669 2702 Albani.)

1028 2710 1112 2770 Nota
1137 2729 1178 2772 ex
1203 2711 1362 2795 Virgilio,
1395 2713 1535 2793 Oridio,
1572 2721 1709 2806 aliisque

965 2807 1043 2872 Caci
1075 2811 1231 2886 esuritio,
1263 2827 1296 2875 et
1333 2814 1572 2905 latrocinia,ex
1598 2837 1709 2886 monte

965 2910 1138 2986 Aventino,
1161 2932 1257 2996 quem
1275 2913 1410 2986 insedit,
1434 2916 1538 2980 vicina
1556 2920 1709 2984 infestan-

965 3011 1025 3087 tis,
1049 3011 1184 3096 ejusque
1201 3013 1335 3076 exitIum
1358 3013 1398 3076 ab
1416 3017 1561 3082 Hercule
1579 3021 1709 3085 abactas

964 3111 1066 3176 bores
1085 3126 1257 3196 repetente
1275 3116 1502 3180 acceleratum.
1542 3121 1634 3183 Grati
1658 3145 1709 3188 ac·

965 3215 1068 3290 colae,
1091 3235 1163 3276 nam
1182 3229 1252 3276 erat
1268 3216 1321 3279 hic
1339 3219 1461 3300 praedo
1479 3245 1543 3284 non
1559 3227 1627 3286 leue
1637 3230 1710 3302 lini·

964 3319 1052 3404 timis
1060 3319 1422 3398 hospitibusquamalum
1430 3334 1512 3384 teste
1523 3327 1651 3387 Nasone
1669 3327 1709 3404 c),

966 3415 1126 3480 vindicem
1146 3415 1331 3478 liberatoris
1341 3419 1507 3483 dexteram
1520 3423 1709 3490 deosculan-

965 3532 1015 3580 tes
1039 3519 1073 3602 in
1089 3517 1225 3602 egregio
1245 3517 1308 3581 boc
1329 3521 1459 3582 cimelio
1469 3541 1707 3606 proponuntur.

966 3620 1043 3682 Caci
1066 3604 1293 3700 argumentum
1311 3620 1486 3684 exhibetur
1499 3626 1595 3688 etiam
1610 3628 1642 3689 in
1652 3651 1710 3690 nu·

966 3741 1020 3782 mo
1037 3720 1162 3781 Aurelii
1172 3721 1334 3796 Caesaris,
1357 3743 1454 3806 quem
1472 3726 1547 3787 vide
1565 3727 1650 3790 infra
1668 3729 1709 3790 ad
1753 3709 1761 3724 ⁸

966 3842 1085 3881 annum
1101 3823 1140 3888 V.
1150 3821 1185 3883 C.
1199 3839 1272 3902 9⁰⁰·
1289 3821 1373 3888 Vide
1386 3837 1421 3887 et
1437 3845 1554 3888 numos
1572 3847 1709 3913 sequen·

964 3935 1013 3984 tes
1032 3921 1123 3984 duos.

1218 4058 1220 4062 .
1326 4039 1345 4080 ς,
1408 4086 1427 4124 ι

1110 4141 1371 4209 ANTONINVS.
1390 4143 1609 4212 AVG.I²IVS.
1626 4150 1707 4213 P.P.

1108 4249 1177 4308 TR.
1200 4247 1237 4306 Ρ.
1257 4246 1373 4330 XVIII.
1399 4251 1499 4324 Caput
1519 4250 1707 4313 laureatum.

160 4348 240 4408 Iret
258 4348 287 4408 N
304 4349 467 4408 Palatium
486 4345 528 4407 sit
545 4343 668 4408 dietum
693 4345 733 4424 ⁸).
770 4347 907 4408 Praeter
966 4347 1060 4412 008.
1076 4348 1146 4408 1111.
1163 4347 1347 4409 Herculeis.
1359 4353 1501 4423 claram,
1521 4361 1554 4412 et
1571 4357 1708 4414 exuuias

160 4449 291 4510 illustre
299 4447 364 4509 boc
380 4447 600 4509 testimonium
611 4461 741 4530 praesto
751 4461 800 4510 est
809 4447 906 4510 etiarn
965 4452 1066 4511 leonis
1084 4453 1113 4508 d.
1128 4458 1276 4526 pateram
1292 4459 1400 4512 tenens
1411 4455 1556 4524 ¹azimam
1572 4455 1708 4532 ignitam

161 4569 309 4612 marmor
334 4549 502 4633 vulgatum
518 4569 537 4610 a
554 4545 711 4611 Fabretto
730 4545 783 4630 l³),
818 4549 907 4611 dedi·
965 4553 1135 4630 sacnficat,
1151 4569 1256 4629 popae
1271 4553 1333 4612 duo
1351 4561 1477 4614 taurum
1486 4555 1633 4628 attinent,
1651 4560 1709 4616 nd·
1778 4620 1781 4628 ,

217 4781 250 4851 a)
270 4777 303 4834 L.
323 4777 404 4836 VIII.
425 4797 449 4836 c.
467 4787 515 4842 43.
588 4779 623 4850 b)
643 4777 780 4852 Inscript.
800 4797 863 4854 cap.
885 4778 920 4833 X.
940 4797 969 4835 n.
988 4778 1033 4840 62.
1108 4779 1138 4849 c)
1158 4779 1233 4836 Fast.
1254 4777 1275 4833 l.
1294 4790 1355 4870 Ast.
