4186 5492
682 459 1123 557 :aaaeaeanva
1238 470 1240 479 ⁴

128 667 212 736 tutis
228 664 409 752 specimina
421 664 641 753 oportuisset,
661 684 704 732 ea
723 667 880 738 continno

122 791 230 840 ,ausus
255 785 322 846 est,
345 791 427 856 quae
444 770 549 832 licere
570 769 632 832 sibi
652 769 756 844 alter,
779 769 881 852 impe·

128 873 175 937 rii
200 893 260 960 per
283 872 408 935 natales
439 871 557 956 heres,
590 869 727 974 ppolutis
757 871 880 934 virtute

129 974 271 1050 linibus,
301 971 426 1034 munita
458 971 651 1034 Caesaribus
688 972 786 1036 domo
814 993 881 1036 non

130 1089 289 1160 putasset·
328 1074 443 1150 Mitto,
467 1094 550 1160 quae
573 1072 613 1135 ab
633 1091 674 1136 eo
697 1069 880 1136 crudeliter

129 1193 168 1240 et
184 1195 298 1254 avare,
321 1175 476 1244 nimirum
487 1191 536 1238 .ut
552 1173 675 1242 insanis
697 1173 878 1260 sumptibus

133 1279 300 1344 serarium
337 1275 525 1356 sufficeret,
563 1279 598 1342 in
630 1281 751 1345 civium
785 1276 885 1341 vitam

134 1404 175 1448 ae
203 1381 352 1444 fortunas
375 1379 508 1444 decreta
529 1395 622 1454 sunt3
654 1381 749 1444 mitto
775 1379 884 1455 etiam,

133 1503 221 1570 quae
240 1502 301 1567 per
320 1480 493 1544 amentiam
516 1481 736 1563 singularem,
758 1501 795 1544 ao
820 1493 886 1542 stu·

136 1604 255 1668 parem
276 1581 527 1659 incredibilem,
559 1596 616 1660 ut,
649 1603 724 1652 eum
749 1603 886 1646 coenam

135 1687 203 1748 sibi
222 1706 263 1748 ex
280 1702 462 1770 pavonum,
485 1699 519 1748 et
533 1681 750 1748 lusciniarum
762 1682 887 1766 linguis

137 1787 286 1872 paravit,
324 1787 439 1850 leones
473 1788 618 1871 psittacis
650 1801 685 1850 et
722 1785 887 1870 phasianis

137 1891 245 1975 parit,
283 1887 450 1952 interdum
491 1888 623 1950 nonnisi
657 1889 787 1966 calvos,
831 1900 887 1950 aut

138 1987 270 2067 luscos',
303 1983 365 2052 ‘aut
395 1989 617 2074 podagrosos,
660 2004 716 2054 aut
751 1989 886 2064 surdos,

138 2091 355 2176 sutlongos,
378 2105 434 2154 aut
455 2092 594 2177 pingues
615 2090 657 2154 ad
678 2111 814 2155 coenam
832 2110 889 2154 ro·

137 2193 226 2259 eavit
234 2214 245 2266 3
286 2193 321 2255 in
355 2192 510 2258 convivas
540 2207 682 2288 repente
709 2193 824 2255 leones
853 2203 888 2254 et

139 2291 319 2380 leopardos
354 2307 537 2357 exarmatos
571 2293 725 2370 immisit,
763 2305 818 2354 aut
846 2291 888 2352 iis

139 2415 279 2458 coenam
307 2414 349 2458 ex
375 2393 496 2470 ebore,
529 2415 621 2473 oera,
644 2408 700 2458 ant
721 2413 887 2458 marmore

139 2497 316 2573 instruxit,
346 2511 402 2559 aut
432 2518 506 2561 cum
536 2516 650 2560 omnes
680 2517 742 2581 per
772 2496 887 2558 urbem

101 2585 109 2604 ⁸
140 2617 336 2662 aranearum
359 2599 441 2660 telas
468 2598 613 2662 conferri
639 2599 674 2659 in
699 2620 799 2660 unum
823 2595 890 2680 jus·

140 2701 204 2780 sit,
227 2718 269 2762 ex
289 2720 426 2786 qoarum
443 2699 591 2784 pondere
609 2697 775 2781 (oonleota
793 2698 889 2760 fuere

141 2799 262 2865 decem
293 2799 396 2864 millia
428 2799 555 2884 pondo)
593 2802 634 2864 de
664 2797 888 2884 magnitudine

139 2889 270 2968 Romae
301 2915 476 2966 constaret.
520 2903 564 2964 At
587 2899 687 2964 iidem
717 2915 888 2988 superant,

141 3023 228 3088 quae
248 3002 290 3066 de
311 3001 384 3087 ejus
402 3003 625 3092 impudicitiae
646 3002 810 3066 sordibus.
822 3021 890 3065 me·

141 3117 326 3169 morantur.
356 3105 452 3166 .Non
481 3105 533 3167 illi
565 3103 717 3190 voluptas
752 3105 889 3188 placita,

141 3223 228 3290 qnae
258 3205 437 3272 seeundum
461 3219 611 3270 naturam
631 3219 728 3272 esset.
765 3207 892 3268 Stoma·

142 3305 259 3370 elautus
274 3307 405 3372 virilem
421 3307 656 3383 conditionem,
668 3306 894 3385 ‚meretricem

142 3407 314 3492 professus
330 3423 397 3486 est,
419 3424 453 3474 et
463 3408 785 3488 meretricioadsaito
800 3409 891 3481 cultu

141 3511 295 3582 invitarit
316 3525 584 3596 praetereuntes,
617 3524 654 3577 at
672 3509 718 3580 ad
733 3529 781 3580 ,se
796 3530 895 3582 aeae·

1602 499 1681 574 253

936 660 1067 744 balam,
1089 677 1127 733 ut
1154 685 1220 754 par
1232 678 1324 748 erat,
1347 667 1521 740 salutaret:
1557 673 1685 740 domtus

939 772 1128 849 imperator,
1150 771 1263 832 calvas!
1281 769 1351 854 ipse
1361 771 1557 856 muliebrem
1571 773 1606 838 in
1614 795 1684 854 mo·

923 890 1009 962 'rem
1026 867 1146 933 inflexa
1162 871 1467 949 molliteroervioe‚
1485 893 1602 951 neme,
1621 877 1686 960 aje-

937 971 1004 1048 bat,
1028 971 1323 1048 dominumvoees,
1345 973 1478 1038 domina
1496 977 1584 1038 enim
1602 997 1685 1043 snm.

939 1074 1058 1154 Nupsit
1072 1093 1154 1135 roro
1175 1073 1273 1146 etiam
1288 1075 1439 1139 Hieroeli
1458 1077 1576 1142 Carica
1593 1099 1687 1142 man·

934 1171 1035 1254 oipio·
1079 1170 1171 1236 Haeo
1193 1193 1269 1260 pum
1297 1175 1484 1260 propalam,
1510 1161 1599 1262 ,et‘ip
1623 1181 1687 1246 hae

941 1262 1062 1335 summi
1083 1273 1205 1360 fastigii
1222 1276 1391 1356 majestate
1414 1292 1574 1361 patraret,
1596 1301 1691 1348 aver·

940 1375 972 1436 si
986 1377 1155 1459 paullatim
1173 1378 1319 1442 omnium
1338 1378 1488 1442 ordinum
1505 1382 1545 1444 ab
1563 1402 1606 1446 eo
1622 1382 1690 1446 ani·
1769 1423 1771 1428 -

943 1477 1008 1551 mi,
1047 1488 1230 1562 paratoque
1265 1479 1414 1542 melioris
1449 1481 1519 1566 spei
1560 1503 1691 1548 sucees-

944 1595 1020 1640 sore
1046 1578 1169 1641 exitum
1193 1579 1325 1658 habuit,
1354 1593 1391 1643 ut
1412 1583 1572 1660 vidimus,
1603 1585 1690 1649 vitae

945 1679 1275 1746 contaminatissimae
1296 1681 1562 1766 respondentem.
1605 1685 1691 1754 Vide
1745 1691 1750 1702 “

943 1781 1027 1844 haee
1048 1779 1136 1864 apud
1151 1781 1314 1861 Dionem,
1336 1781 1574 1864 Herodianum,
1594 1785 1691 1850 Lam·

945 1882 1100 1969 pridium.

1012 1988 1147 2048 onres.
1170 1973 1259 2080 Quas
1275 1983 1352 2066 lege
1371 1985 1570 2050 matrimonii
1589 1968 1691 2054 dure?

937 2101 1009 2161 rat,
1032 2100 1101 2148 tres
1128 2086 1242 2160 fuere,
1274 2088 1419 2148 Cornelia
1443 2091 1568 2166 Paula,
1589 2095 1704 2176 Aqui--

944 2190 1139 2264 liaSeoeru,
1161 2190 1273 2252 Annio
1288 2189 1463 2264 Faustina,
1486 2189 1548 2252 hae
1558 2212 1690 2278 quoque

944 2288 1105 2372 pervices
1125 2286 1326 2374 repudiatae.
1348 2287 1400 2346 Ex
1409 2285 1497 2351 nulla
1512 2305 1690 2374 paterere·
1803 2317 1805 2321 ·

945 2389 998 2452 sit·
1021 2389 1073 2452 De
1088 2389 1129 2452 iis
1146 2401 1262 2473 agetur
1278 2387 1311 2448 in
1328 2385 1531 2472 singularum
1547 2393 1666 2459 numia.

1246 2565 1393 2626 Numi:

1087 2700 1363 2764 Wfflffimss

945 2797 985 2863 P.
1002 2798 1048 2859 Μ.
1065 2799 1134 2858 TR.
1157 2801 1194 2860 P.
1214 2801 1254 2866 V.
1276 2801 1370 2864 COS.
1387 2802 1458 2864 llll.
1477 2804 1514 2864 P.
1531 2805 1569 2867 P.
1588 2806 1691 2884 Impe-

946 2907 1035 2964 rator
1053 2909 1182 2982 topatus
1197 2911 1288 2964 stam
1303 2913 1380 2965 auto
1397 2926 1489 2968 oram
1496 2909 1525 2964 d.
1530 2915 1690 2986 poteram,

946 3020 974 3066 a.
991 3022 1133 3080 ramum,
1156 3007 1193 3066 iu
1206 3025 1286 3066 urea
1300 3015 1431 3068 aatmm.
1453 3005 1523 3068 AR.
1535 3005 1692 3088 setta

1012 3101 1119 3196 Quam
1134 3103 1256 3166 aeriter
1275 3101 1316 3166 de
1333 3103 1385 3168 his
1399 3106 1526 3185 numia,
1549 3105 1613 3168 etsi
1634 3106 1693 3168 mi·

947 3201 1036 3266 nime
1048 3204 1149 3280 raris,
1171 3219 1318 3290 propter,
1331 3203 1527 3290 inscriptum
1548 3206 1693 3272 tribuna·

947 3319 1018 3370 tum
1041 3306 1083 3376 V.
1107 3327 1125 3369 a
1145 3305 1225 3372 viris
1250 3307 1385 3372 summis
1403 3307 1602 3393 disputatum
1629 3308 1692 3383 sit,

949 3407 1096 3472 dieamus
1114 3407 1242 3472 munde
1266 3408 1457 3474 intractata
1479 3410 1521 3474 de
1541 3411 1617 3496 trib.
1635 3431 1694 3497 po·

949 3521 1078 3574 lenate·

138 3616 281 3690 alerent,
310 3613 504 3696 accepitque
530 3631 671 3679 'munera
700 3611 781 3694 ejus·
796 3631 893 3675 eausa
978 3677 980 3684 ,

135 3713 286 3804 rependi
325 3713 432 3778 solita.
473 3713 555 3796 Ejus
585 3711 724 3801 instituti
744 3713 894 3806 deminus

144 3835 263 3884 omnes
284 3813 317 3880 in
345 3837 444 3878 unum
475 3828 604 3880 eoactas
638 3814 772 3885 militari
800 3829 905 3880 moro·

144 3918 321 3986 adlocutus
368 3915 610 3984 commilitones
660 3916 763 3993 dixit,
806 3911 894 3982 ,eum

144 4019 190 4088 it·
218 4019 261 4085 de
291 4018 478 4104 generibus
513 4024 716 4101 voluptatum
753 4017 896 4102 dispota-

143 4122 274 4199 rit,st
294 4106 484 4184 donativum
510 4116 611 4184 dedit.
656 4117 814 4205 Conquiri
847 4132 896 4192 to·

37 4245 52 4256 ‘
132 4237 185 4292 to
201 4221 342 4308 imperio
365 4220 484 4305 jussit,
501 4219 535 4282 ,si
550 4241 633 4306 quus
652 4217 896 4294 liberalioribus

144 4338 265 4394 natura
281 4321 322 4386 ad
342 4322 528 4406 voluptates
536 4323 719 4408 „praesidiis
730 4322 896 4399 instruxit,

145 4447 233 4516 quos
256 4421 518 4488 inter‘Anrelius
541 4425 676 4488 Zoticus
693 4425 896 4508 Smyrnaeus

143 4527 346 4617 praecipuos
370 4526 521 4589 ‘honores
548 4523 700 4602 ¹abstulit,
739 4541 896 4602 evocatus

144 4633 306 4707 Romam,
339 4639 374 4692 et
405 4628 498 4713 regia
520 4641 641 4712 pompa
667 4625 710 4694 ad
735 4627 895 4711 palatium

147 4731 331 4810 deductus,
352 4730 410 4816 qni
430 4750 505 4796 oum
524 4729 656 4799 obvium
686 4728 749 4794 sibi
779 4729 896 4816 Elaga-

1083 3679 1194 3754 ‚Numi
1206 3680 1372 3742 commatis
1388 3682 1562 3760 peregrini.

1015 3812 1122 3900 Hujus
1143 3813 1274 3900 generis
1298 3814 1390 3878 numi
1418 3828 1484 3880 tam
1509 3815 1696 3896 itt-orbibus

952 3915 1064 3990 liberis
1088 3915 1242 3994 Graecis,
1280 3937 1376 4001 quam
1401 3921 1538 3981 coloniis
1570 3919 1697 4002 eopiosi

952 4017 1071 4104 signati
1085 4031 1174 4095 aunt,
1188 4032 1231 4082 -at
1244 4021 1287 4092 ne
1305 4017 1402 4102 hujus
1416 4019 1625 4102 imperatoris
1637 4035 1697 4082 nu·

935 4120 999 4184 'mi
1020 4139 1097 4184 oum
1122 4133 1253 4184 moneta
1277 4121 1463 4184 caracallae
1486 4119 1695 4198 misceantur,

953 4219 1043 4307 quod
1063 4239 1130 4285 uon
1150 4241 1227 4285 raro
1244 4221 1323 4287 viris
1344 4221 1627 4301 exercitatissimis
1644 4241 1698 4292 aa·

954 4321 1063 4401 cidit,-
1075 4323 1185 4388 mutio
1206 4322 1260 4386 sit.

1148 4487 1315 4570 Nomina,
1337 4495 1491 4558 actitals‘.
1545 4569 1550 4589 .

1018 4611 1151 4703 Varium
1169 4635 1300 4707 Auitum
1321 4623 1516 4712 Bassianum
1535 4629 1698 4717 principio

951 4729 1055 4796 fuisse
1080 4746 1251 4811 rosatum,
1281 4730 1378 4810 altius
1404 4735 1556 4816 diximus.
1603 4736 1697 4797 Varii
