4220 5504
403 507 475 568 aco
609 471 615 482 '
707 527 710 532 ,
791 479 832 548 a.
884 475 1213 552 sarrtntvs
1264 473 1545 582 sororve

398 667 623 738 vtcrotttn.
671 659 906 725 enormen.
959 661 1145 725 otaxlttn.
1201 659 1378 722 lemontioa
1402 679 1486 724 anuo
1504 669 1663 742 aequente
1679 659 1820 722 Romam
1838 681 1951 728 rever·

404 773 548 834 Victoria
564 769 727 850 prodiens.
750 765 822 830 AV.
844 763 944 843 (Mus.
964 764 1071 844 Caes.)
1203 783 1276 826 sum
1307 760 1435 834 statuit,
1466 759 1621 843 quopiam
1646 759 1712 822 boc
1735 759 1845 827 adbuc
1866 787 1951 834 anno

340 895 344 909 ,
464 874 590 934 Nemus
608 867 822 951 perelegans,
854 879 1041 949 etpropter
1060 865 1148 930 inse·
1203 860 1350 944 insyria
1370 857 1449 936 luit,
1479 859 1568 944 quod
1586 873 1715 924 certum
1735 866 1950 962 estex-inito

398 977 524 1036 lentem
543 971 700 1034 hactenus
714 967 838 1032 anticae
855 967 1058 1052 epigraphen
1075 987 1147 1052 spe·
1203 961 1237 1024 in
1257 965 1319 1028 hac
1338 961 1528 1036 consulatu,
1551 975 1621 1024 tum
1647 961 1737 1046 quod
1758 963 1828 1028 hoc
1857 989 1953 1051 prae.

402 1073 542 1142 ctabilis.
565 1072 718 1155 Signatus
741 1083 792 1132 est
810 1069 893 1150 hoc,
916 1084 970 1134 aut
988 1083 1145 1154 sequente
1202 1079 1294 1128 terea
1314 1083 1399 1126 anno
1422 1062 1597 1139 Arabium,
1626 1063 1867 1143 Palaestinam,
1889 1067 1953 1134 Ae-

401 1195 503 1248 anno;
526 1195 593 1238 non
614 1173 705 1257 prius
725 1186 864 1258 psopter
886 1171 1086 1236 mentionem
1108 1171 1147 1232 ti·
1198 1181 1357 1267 ¹gyptum,
1380 1163 1585 1228 Thebaidem
1605 1163 1706 1227 rebus
1728 1166 1886 1232 omnibus
1908 1185 1955 1234 st·

399 1279 462 1342 tuli
480 1278 555 1352 Pll,
577 1296 643 1336 non
668 1275 792 1351 serius,
814 1274 889 1360 quia
913 1273 1069 1356 deinceps
1092 1291 1145 1338 re·
1200 1281 1290 1332 tonte
1309 1267 1464 1348 inspectio
1492 1281 1686 1352 peragrante
1709 1279 1776 1344 est,
1806 1267 1953 1356 denique
1987 1279 1992 1289 '

398 1401 473 1444 curn
496 1377 724 1441 Parthicarum
751 1375 875 1440 mentio
899 1375 935 1438 in
959 1373 1066 1438 numia
1088 1391 1145 1438 ne·
1200 1389 1266 1434 non
1281 1369 1399 1432 itinere
1421 1370 1605 1444 maritimo,
1627 1368 1686 1431 sed
1704 1372 1861 1432 terrestri
1891 1393 1954 1457 per

402 1481 511 1564 glccta
527 1491 587 1543 est.
1199 1467 1679 1555 Cappadocismfflithyniam,
1698 1470 1872 1551 Illyricum
1885 1475 1954 1538 llo·

1200 1593 1285 1634 mam
1309 1569 1447 1646 redirit,
1477 1591 1561 1656 quae
1576 1569 1713 1656 quidem
1739 1575 1851 1636 omnia
1876 1575 1955 1659 plus

576 1685 614 1743 V.
639 1682 670 1742 c.
690 1689 764 1745 955.
785 1683 821 1741 Ρ.
844 1683 885 1743 Χ.
906 1687 979 1744 202.
1201 1693 1308 1736 annuo
1330 1672 1434 1756 spatio
1456 1673 1594 1757 exigunt
1609 1669 1653 1752 d).
1683 1675 1727 1736 At
1750 1693 1834 1737 vero
1850 1689 1957 1740 terre·

400 1791 465 1850 ΤΒ.
492 1789 528 1846 Ρ.
544 1785 586 1846 Χ.
610 1783 699 1844 COS.
715 1784 777 1843 111.
799 1783 836 1843 P.
855 1785 900 1844 M.
919 1785 954 1842 P.
970 1784 1005 1844 P.
1030 1783 1144 1845 PIVS.
1202 1788 1269 1837 atre
1283 1771 1367 1835 illud
1381 1763 1465 1848 iter,
1485 1773 1575 1858 qnod
1590 1774 1640 1838 vir
1663 1773 1815 1838 eruditus
1836 1796 1881 1838 ex
1898 1777 1957 1839 du·

419 1888 541 1950 Scauro
555 1886 664 1964 Any„
687 1885 731 1944 Μ.
749 1885 857 1945 derel.
878 1885 1043 1950 Antonino
1057 1905 1123 1949 cna.
1201 1874 1257 1938 bio
1271 1875 1388 1936 Dionis
1406 1871 1500 1949 loco,
1523 1883 1622 1960 atq'ue
1638 1879 1746 1942 altero
1755 1878 1955 1955 Herodioni,

1201 1977 1427 2041 manifestiore
1453 1975 1604 2062 quidem,
1636 1979 1697 2041 scd
1720 1999 1821 2064 quem
1844 1980 1956 2044 minus

464 2085 677 2154 Consulatum
685 2084 743 2144 Ill.
765 2105 840 2148 cum
856 2085 1023 2150 Caracalla
1044 2083 1146 2168 inSy·
1201 2093 1272 2142 tuto
1289 2079 1321 2140 in
1336 2078 1656 2160 omnibooaequare,
1675 2082 1783 2156 eruit,
1805 2083 1956 2148 nondum

397 2195 449 2256 ria
470 2191 532 2254 init
548 2191 588 2271 ¹).
617 2185 788 2262 Arabiam,
819 2186 1053 2262 Palaestinam,
1082 2189 1145 2250 Ae·
1200 2179 1279 2242 satis
1295 2195 1442 2256 certum,
1464 2182 1543 2264 quin
1559 2180 1662 2250 inisse
1679 2182 1883 2246 maritimum
1898 2206 1959 2270 pu-

401 2307 537 2382 gyptom
554 2287 640 2364 adit,
670 2289 886 2372 omnibusque
903 2287 950 2349 ibi
967 2287 1144 2371 perlustra·
1201 2285 1285 2356 tius,
1309 2279 1642 2346 luculentecviucunt
1655 2285 1747 2346 nomi
1765 2287 1959 2380 caracallae

398 2399 441 2460 tis
465 2396 605 2456 Romam
630 2389 825 2466 revertitur,
856 2403 932 2453 vota
952 2387 1144 2453 decennmia
1199 2384 1369 2466 inscripti:
1397 2385 1649 2453 ADVENTVS.
1675 2384 1830 2457 AVGG.,
1871 2410 1959 2474 quoa

399 2495 516 2570 solvit,
554 2489 757 2574 suscipitque
788 2489 907 2566 altera,
941 2491 1143 2552 Caracallum
1200 2487 1409 2552 recitabimus
1428 2486 1462 2547 in
1479 2486 1646 2550 Caramlla
1666 2486 1845 2564 adannmn
1861 2511 1960 2574 prae·

398 2617 476 2660 cum
492 2592 646 2656 Plautilla
667 2590 872 2654 matrimonio
888 2590 995 2674 jungit
1008 2585 1053 2671 b).
1200 2605 1337 2654 sentem.
1374 2590 1523 2673 Cumque
1549 2601 1725 2671 practerea
1747 2589 1791 2650 de
1813 2590 1960 2658 incredi-

462 2698 666 2779 Magnopere
680 2691 875 2752 dissentiunt
885 2691 1015 2768 eruditi,
1034 2705 1142 2754 utrum
1199 2691 1259 2752 bili
1286 2689 1403 2752 Severi
1421 2689 1456 2750 in
1480 2687 1642 2752 faciendis
1663 2691 1841 2754 itineribus
1865 2695 1961 2759 relo-

398 2790 624 2860 Seterushoe
642 2813 745 2868 anno,
777 2807 885 2854 utrum
903 2807 1061 2878 sequente
1078 2796 1143 2858 tto-
1198 2792 1297 2854 citato
1323 2803 1472 2865 constet,
1508 2791 1609 2854 facile
1637 2789 1713 2856 lieri
1734 2807 1888 2877 poterat,
1921 2813 1960 2862 nt

396 2919 485 2964 mam
506 2895 611 2960 redux
638 2913 682 2956 cx
708 2894 846 2958 Oriente
872 2893 1058 2969 advenerit,
1090 2912 1142 2956 ea·
1198 2905 1273 2976 post
1291 2891 1457 2954 Kalendas
1472 2893 1538 2954 lan.
1560 2893 1636 2975 anni
1655 2897 1862 2976 praesentis,
1886 2899 1960 2983 qni·

396 3020 461 3085 aque
481 2997 607 3070 omnia,
638 3014 720 3077 quae
740 2993 824 3070 dixi,
842 2995 1033 3078 peregerit.
1053 2993 1142 3062 Vtri·
1198 2993 1555 3057 busconsulatumllh
1574 2993 1720 3074 insyria
1749 2996 1866 3072 inivit,
1897 3003 1962 3062 Pa-

397 3117 501 3182 naque
525 3095 705 3158 sententiae
727 3095 856 3176 patroni
881 3115 997 3156 numos
1025 3113 1142 3178 suppe-
1197 3093 1368 3164 laestinam
1402 3109 1440 3156 et
1467 3097 1656 3179 Aegyptum
1692 3096 1874 3176 inviseret,
1924 3119 1961 3165 et

398 3193 788 3277 tiasrocantinscriptos3
810 3195 1140 3265 ADVENMVGG.
1198 3210 1340 3259 exeunte
1358 3197 1560 3258 automnoin
1577 3196 1662 3260 urbe
1681 3197 1833 3275 adesset,
1857 3215 1962 3288 atquc

394 3313 432 3362 ct
453 3299 559 3367 VOT.
581 3295 697 3364 SVSC.
722 3293 840 3368 Dec..
877 3295 937 3360 aed
957 3295 1139 3376 incassum3
1197 3297 1262 3360 hoc
1279 3297 1385 3360 adhoc
1399 3317 1485 3360 anno
1499 3298 1630 3382 nuptias
1648 3296 1729 3374 lilii,
1752 3301 1886 3386 aliaque
1906 3325 1960 3366 co·

399 3420 474 3464 nam
491 3397 567 3460 trib.
585 3394 806 3479 potestasX.,
839 3415 934 3478 quam
951 3397 1141 3486 inscriptam
1197 3398 1307 3461 lenatia
1331 3413 1456 3481 ageret.
1487 3399 1657 3462 Paucisttt
1674 3421 1748 3464 rem
1770 3401 1962 3480 absolvam,

340 3487 341 3490 ¹
397 3496 1142 3583 binumiexbibeat‚secundumeorumipao·
1198 3519 1274 3564 cum
1295 3498 1479 3564 tribunatus
1503 3499 1544 3564 X.
1574 3501 1713 3580 Severi,
1735 3517 1772 3566 et
1793 3505 1837 3572 V.
1861 3507 1963 3569 Cara-

397 3621 473 3663 rum
495 3597 687 3662 sententiam
709 3599 793 3681 parti
809 3599 974 3683 sequentis
995 3601 1071 3663 anni
1089 3619 1144 3665 co·
1198 3601 1323 3677 callae,
1361 3602 1418 3686 qui
1442 3601 1495 3663 his
1520 3599 1713 3677 Adventus,
1743 3605 1960 3688 Nuptiarum,

393 3701 531 3776 incidit,
560 3713 595 3762 et
618 3701 710 3786 quod
730 3701 895 3785 sequitur,
923 3713 1052 3785 tempus
1071 3721 1143 3766 cer-
1199 3713 1235 3763 et
1254 3703 1424 3776 ‚Votorum
1449 3703 1558 3766 numia
1587 3701 1743 3786 inscripti
1766 3721 1865 3784 cunt,
1904 3727 1962 3770 ne-

396 3815 467 3864 tum
485 3801 557 3864 erui
579 3801 698 3863 axillis
714 3801 837 3887 nequit.
870 3803 968 3866 Enim
985 3824 1066 3866 sero
1085 3803 1142 3866 xt-
1198 3823 1359 3888 quaquam
1376 3803 1411 3866 in
1428 3816 1624 3892 sequentem
1645 3823 1682 3865 se
1699 3791 1827 3869 annum
1849 3807 1962 3892 porri·

268 3938 274 3948 ·
340 3979 343 3993 .
396 3901 541 3984 philinus
573 3919 614 3962 es
638 3903 745 3964 Dione
772 3903 901 3986 nuptias
934 3905 1139 3984 caracallae,
1197 3918 1294 3988 gant,
1328 3918 1365 3967 ut
1384 3904 1579 3971 docebimus
1595 3907 1631 3968 in
1652 3923 1797 3974 tractato
1814 3909 1859 3972 de
1882 3909 1961 3972 trib.

282 4029 285 4039 ·
396 4014 432 4064 et
457 4002 642 4084 spectacula
672 4021 748 4066 cum
777 4017 917 4087 propter
945 4005 1141 4072 decennium
1196 4019 1377 4090 potestate,
1400 4011 1529 4072 certum
1548 4012 1647 4073 etiam
1668 4011 1746 4074 inde
1765 4009 1821 4088 fit,
1846 4024 1882 4073 et
1901 4012 1964 4074 Se·
2100 4003 2101 4012 ’

397 4101 617 4186 principatus,
652 4117 721 4167 tum
749 4119 886 4188 propter
913 4105 1055 4170 reditum
1076 4109 1141 4172 An·
1196 4128 1313 4172 rerum
1342 4109 1406 4173 hoc
1436 4110 1545 4173 adhuc
1576 4133 1685 4188 anno,
1723 4126 1759 4175 et
1786 4113 1823 4174 in
1854 4111 1963 4174 tribu·

399 4216 571 4284 gnatorum
596 4203 712 4268 eodem
730 4217 879 4288 tempore
898 4207 1062 4271 celebrata
1086 4228 1138 4272 re·
1193 4223 1272 4272 natu
1296 4211 1337 4276 X.
1369 4211 1557 4296 ingressum
1585 4211 1690 4276 fuisse
1721 4215 1889 4289 Romam,
1926 4223 1963 4275 et

393 4298 464 4364 fert
480 4302 630 4390 qnidam,
653 4304 713 4369 sed
732 4327 851 4368 annuns
866 4307 984 4371 reticet
999 4309 1042 4390 ο).
1070 4311 1135 4372 Til·
1190 4311 1384 4378 Caracallae
1399 4313 1531 4395 nuptias
1548 4313 1753 4378 celebrasse.

397 4501 1956 4539 mm

401 4733 407 4746 Δ
436 4647 469 4793 a}
485 4645 628 4721 Sparte
646 4659 687 4712 17.
834 4645 872 4720 h)
892 4649 947 4708 Dio
966 4650 998 4708 L.
1017 4653 1148 4716 LXXVI.
1169 4667 1197 4716 1.
1334 4657 1374 4728 c)
1393 4655 1426 4712 L.
1447 4655 1558 4718 xxvi.
1579 4673 1609 4720 l.
1761 4657 1800 4735 d)
1820 4662 1901 4722 ttota
1914 4670 1962 4723 24.

400 4755 431 4794 tn
472 4751 567 4794 evera.
