4264 5516
467 491 516 564 M.
566 489 871 567 AVRELIVS
922 489 1292 571 ANTONINVS.
1346 493 1348 498 ’
1660 517 1705 580 55

159 672 311 736 animum
321 670 627 759 fortissimpnlare,
650 675 718 741 sire
737 673 825 762 quod
838 697 912 740 aaut·¹

162 795 199 836 aa
216 774 300 858 reip.
318 793 454 838 necesse
474 777 597 854 risum,
617 778 806 865 plusculum
823 799 912 841 com·

163 874 383 938 manicarum
408 887 592 960 temporum
615 881 726 944 benoni
753 880 910 954 tribuere,

161 976 235 1040 sire
268 975 410 1059 denique
436 977 525 1062 quod
546 973 669 1043 summi
703 982 800 1044 etiam
834 978 909 1055 riri,

160 1095 209 1140 ex
224 1097 289 1162 qno
311 1097 352 1141 sa
367 1078 516 1142 homines
534 1081 663 1157 norint,
693 1081 831 1166 aliquam
856 1081 912 1142 ba·

162 1178 247 1242 beut
290 1177 458 1252 admistam
492 1181 675 1245 dementiae
705 1181 910 1266 particulam,

164 1299 234 1343 uon
252 1280 377 1342 illinus
400 1296 575 1366 propterea
587 1279 589 1284 ’
599 1281 790 1366 negabimus
805 1279 912 1365 philo·

165 1381 265 1464 sophi
280 1401 431 1456 nomem,
454 1383 517 1444 nisi
534 1383 618 1446 illud
633 1403 755 1469 negare
780 1401 910 1467 qnoque

164 1481 307 1544 velimus
325 1481 449 1544 luatiuo
466 1483 716 1578 martyriali-ango
732 1483 783 1546 illi
801 1503 913 1546 saeca-
932 1546 937 1556 ,

164 1583 276 1644 lorum
300 1605 361 1645 nau
384 1583 559 1662 tributum,
589 1585 673 1670 quia¹
687 1605 746 1648 suo
769 1585 803 1646 in
820 1583 912 1647 Chri-

164 1685 270 1746 stiana
308 1704 399 1748 sacra
431 1684 563 1748 adlecta
600 1686 731 1770 longius
758 1687 911 1768 abreptus

163 1784 364 1848 carminibus
384 1785 562 1868 Sibyllinis,
591 1786 732 1864 Simonis
749 1788 835 1870 magi
853 1786 913 1847 mi·

162 1888 299 1962 raculo,
321 1889 421 1948 Lxx.
443 1887 660 1971 interpretum
680 1887 820 1969 jactatae
835 1907 912 1950 cou-

163 1987 316 2064 cordiae,
338 1987 443 2072 regno
462 1989 659 2064 millenario,
684 1990 910 2072 malorumque

165 2087 362 2152 daemonum
389 2089 558 2173 perpetuis
591 2089 781 2152 occursibus
817 2108 911 2172 prae·

163 2191 284 2273 liisque
306 2187 403 2253 fidem
427 2187 558 2267 babuit,
579 2204 616 2254 ut
640 2207 844 2275 praeteream
861 2201 911 2253 tot

161 2289 254 2354 viros
279 2292 379 2366 alios,
408 2311 491 2375 quos
522 2291 663 2356 maxime
692 2291 907 2377 philosophos

162 2405 219 2452 aut
247 2405 359 2467 retus,
398 2405 454 2456 aut
481 2394 649 2456 recentius
675 2414 791 2458 aerum
819 2392 907 2456 celc-

161 2493 248 2555 brat.
593 2559 597 2566 ¹

225 2600 277 2656 An
304 2613 385 2658 vero
401 2593 463 2657 hac
485 2609 596 2658 nostra
615 2609 736 2672 aetate,
759 2615 821 2680 qua
837 2595 908 2680 phi·

160 2696 334 2779 losophiae
358 2709 480 2758 nomen
495 2697 638 2758 onmium
656 2685 715 2760 ore
733 2717 770 2760 ac
786 2717 909 2760 sermo·

162 2785 259 2858 nibus
282 2797 529 2875 circumfertur,
559 2800 732 2862 meliorem
755 2817 826 2862 esse
850 2819 910 2881 pu·

161 2913 269 2960 tanim
294 2897 422 2962 divinae
443 2900 514 2982 ejus
532 2901 707 2976 scientiae,
730 2922 812 2984 quac
838 2905 909 2967 sola

164 3013 215 3062 est
239 3003 377 3074 mentia,
409 3003 609 3085 rationisque
634 3002 792 3066 hnmanaie
809 3006 910 3090 magi·

163 3117 243 3176 stra,
266 3101 512 3165 conditionem?
533 3107 608 3167 Non
627 3105 807 3169 verisimile
822 3105 910 3167 istud

163 3204 283 3280 modo,
306 3204 366 3268 sed
394 3205 492 3290 plane
514 3207 734 3270 necessariam
750 3206 908 3284 rideatur,

165 3319 315 3368 nostrum
346 3324 461 3368 aerum
490 3327 568 3389 prae
590 3319 704 3370 vetere
728 3307 787 3369 illo
816 3317 909 3371 recte

165 3406 330 3470 sentiendi
353 3405 583 3491 judicandique
614 3407 768 3472 facultate
801 3411 910 3473 excel·

160 3509 330 3584 lerescui
352 3530 420 3572 nou
447 3511 617 3573 vetustatis
636 3509 754 3586 modo,
786 3509 845 3573 sed
862 3529 912 3573 aa·

164 3611 341 3694 quentium
370 3611 467 3672 etiam
504 3626 689 3696 temporum
736 3625 912 3696 suppetunt

163 3711 332 3794 exempla,
355 3713 409 3774 eui
428 3713 547 3776 artium
572 3713 715 3776 omnium
738 3713 911 3798 perfectio,

162 3812 323 3876 historiae
346 3813 502 3876 naturalis
532 3815 635 3877 multo
665 3815 836 3877 liberalior
858 3835 912 3878 co-

163 3915 287 3998 gnitio,
320 3914 426 3997 aperti
458 3935 532 3978 cum
559 3915 787 3979 remotissimis
809 3917 913 4000 genti·

162 4013 228 4076 bns
254 4029 475 4092 commeatus,
504 4031 538 4079 et
558 4017 594 4079 id
618 4018 824 4101 genuculis,
848 4035 914 4080 am·

162 4115 314 4198 plissima
336 4115 519 4212 adingcnii
540 4118 718 4203 judiciique
740 4121 912 4197 culturam,
950 4173 953 4178 .

165 4215 415 4302 cauendumque
452 4237 568 4282 verum
594 4222 735 4284 attulere
758 4220 911 4284 subsidia.

160 4321 273 4402 Atque
301 4318 363 4380 hae
384 4331 492 4382 tantae
513 4321 773 4404 opportunitates
798 4343 840 4383 an
865 4343 913 4384 sa-

161 4417 206 4480 tis
250 4417 358 4481 adhue
398 4423 440 4486 ad
477 4421 656 4507 parandam
693 4423 912 4508 tuendamque

163 4520 284 4584 mentis
312 4521 483 4587 sanitatem
506 4523 688 4607 profuere?
714 4547 780 4588 non
798 4524 912 4587 hercle
941 4587 944 4596 ,

162 4617 250 4704 apud
277 4642 356 4698 eoa,
379 4645 531 4708 quorum·
546 4624 662 4688 infelix
682 4625 819 4690 examen
834 4625 912 4690 inde

162 4720 203 4784 ab
226 4721 352 4810 aliquot
377 4723 470 4788 annis
499 4726 662 4810 pullulare
681 4727 910 4814 conspicimus,

967 667 1024 760 qui
1054 695 1122 739 non
1156 679 1303 741 contenti
1339 677 1494 742 remediis
1524 673 1707 755 ordinariis,

967 777 1050 861 qu‘a'e
1079 791 1193 842 auctor
1222 778 1353 862 generis
1384 779 1515 842 humani
1547 779 1589 843 ad
1608 781 1709 844 ritum

968 891 1060 940 recte
1100 879 1261 964 beateque
1298 879 1458 964 agendam
1484 881 1708 966 praescripsit,

968 979 1068 1042 alium
1084 978 1199 1042 orbem
1213 993 1306 1042 extra
1326 979 1437 1042 rern'm
1458 993 1604 1045 naturam
1624 981 1711 1066 posi·
1743 967 1747 972 ’

964 1092 1036 1144 tarn
1065 1079 1226 1142 rimantur
1251 1091 1285 1143 et
1309 1079 1501 1164 explorant,
1533 1103 1644 1144 manca
1669 1081 1709 1145 ab

949 1179 1084 1242 'inferis
1103 1193 1261 1256 evocant,
1300 1181 1441 1244 animum
1466 1181 1604 1246 admotis
1633 1203 1713 1248 con-

968 1292 1072 1342 tactus
1096 1280 1288 1358 lenociniis,
1316 1295 1349 1344 et
1372 1277 1534 1347 medicato
1554 1305 1668 1348 somno
1692 1307 1711 1351 a

967 1400 1110 1468 torpore
1150 1381 1314 1482 avellunt,
1356 1403 1469 1446 omnes
1507 1387 1711 1472 praestigiae,

968 1481 1142 1561 mysteria,
1164 1499 1299 1545 arcanae
1318 1483 1447 1547 rimatis
1473 1485 1607 1560 modos,
1629 1480 1711 1572 quoe

968 1581 1195 1655 fraudulenta,
1219 1592 1274 1643 unt
1290 1584 1410 1646 cerrita
1427 1583 1558 1669 ingenia
1575 1578 1609 1648 in
1624 1607 1712 1650 com·

969 1682 1146 1746 menturics
1165 1683 1322 1759 retulere,
1346 1683 1487 1748 solerter
1505 1688 1711 1772 investigant,

970 1803 1160 1869 exquorum
1179 1783 1324 1845 omnium
1341 1785 1489 1848 consiliis
1514 1789 1711 1873 monitisque

970 1900 1126 1969 caperent
1157 1886 1407 1968 praescientiam
1443 1881 1563 1964 futuri,
1608 1902 1713 1952 artem

967 1985 1167 2069 reparandae
1185 1986 1400 2062 valetudinis,
1420 2002 1476 2051 aut
1503 1989 1553 2050 rei
1575 1990 1713 2052 familia·

967 2087 1030 2163 ris,
1055 2101 1088 2150 et
1109 2108 1321 2172 quaecunque
1342 2093 1441 2150 nosse
1459 2089 1636 2152 inconsulti
1654 2089 1713 2153 ho·

968 2189 1091 2250 minum
1113 2189 1212 2252 animi
1233 2211 1291 2252 sua
1311 2189 1472 2254 interesse
1499 2203 1624 2273 putant.
1660 2191 1711 2253 An

965 2289 1053 2352 istud
1081 2309 1197 2374 sapere
1228 2304 1296 2366 cst,
1327 2311 1364 2354 ac
1385 2313 1451 2353 non
1481 2291 1590 2374 potina
1613 2311 1711 2374 supra

965 2413 1062 2477 quam
1089 2391 1180 2454 credi
1208 2391 1336 2476 potest,
1366 2385 1525 2467 insanire,
1557 2413 1594 2458 ac
1622 2393 1712 2457 labo·

957 2505 1041 2584 Ur'arc
1072 2493 1209 2570 morbo,
1248 2513 1344 2578 quatu
1382 2507 1452 2556 tota
1481 2492 1711 2576 Anticyraruro

965 2598 1086 2661 horrea
1108 2617 1176 2659 non
1211 2595 1393 2658 sanabunt?
1440 2595 1528 2691 Quid
1565 2599 1711 2683 prodest,

964 2698 1127 2762 nascentia
1164 2697 1391 2782 philosophiae
1428 2718 1491 2780 ope
1540 2713 1711 2783 exemptos

965 2799 1097 2864 tandem
1131 2819 1173 2860 ex
1210 2797 1378 2862 hominum
1414 2801 1530 2861 animis
1560 2801 1713 2890 gravissi·

967 2923 1037 2966 mos
1057 2921 1206 2975 errores,
1231 2899 1356 2962 sublata
1371 2899 1492 2983 judicia
1511 2921 1573 2984 per
1599 2893 1710 2986 ignem
1797 2963 1800 2976 ,

967 3017 1001 3066 et
1016 3023 1142 3088 aquam,
1159 3013 1346 3085 contempta
1359 3002 1539 3088 sortilegia,
1557 3015 1591 3064 et
1607 3015 1712 3083 astro·

966 3127 1039 3168 tum
1062 3105 1096 3166 iu
1112 3116 1238 3166 mentes
1264 3103 1419 3165 humanas
1436 3105 1546 3188 gravia
1561 3104 1710 3188 imperia,

968 3207 1144 3269 exstinctos
1173 3224 1322 3288 sagarum
1345 3223 1464 3288 rogos.
1486 3205 1636 3290 demptos
1663 3210 1712 3267 in·

968 3327 1045 3370 aues
1084 3319 1210 3380 metus,
1251 3323 1332 3390 quos
1367 3304 1513 3368 creditae
1547 3308 1711 3372 lemurum

968 3393 1197 3493 larvarumque
1216 3401 1399 3486 turpatam,
1423 3420 1456 3469 et
1472 3409 1623 3472 nocturni
1638 3411 1712 3472 atri·

970 3510 1058 3594 giam
1094 3509 1250 3573 circuitus
1275 3508 1529 3592 ingenerabaut,
1562 3525 1595 3572 et
1621 3531 1714 3596 quas·

970 3631 1097 3696 cunque
1136 3611 1213 3673 alias
1251 3609 1396 3675 fallacias
1444 3612 1713 3693 praecedentium

969 3711 1174 3774 saeculorum
1205 3710 1312 3794 caligo
1341 3711 1483 3785 invexit,
1514 3712 1542 3772 si
1563 3713 1712 3776 eiusdem

969 3827 1103 3875 naturae
1122 3825 1266 3874 monstra
1287 3811 1366 3886 alia,
1389 3832 1427 3874 ac
1441 3811 1606 3894 prioribus
1629 3813 1712 3873 mul-

969 3927 1003 3975 to
1019 3909 1243 3997 pestilentiore
1272 3912 1306 3975 in
1332 3911 1500 3976 homiuum
1521 3911 1712 4000 societatem

971 4015 1193 4078 admittuntur.

1033 4119 1076 4179 At
1097 4134 1252 4202 quorsom
1272 4098 1335 4201 ego
1352 4115 1413 4177 ista
1428 4114 1568 4198 disputo,
1590 4115 1711 4199 quippe

956 4217 1010 4280 *ab
1028 4218 1176 4280 instituto
1199 4235 1272 4279 meo
1300 4214 1430 4278 aliena?
1457 4214 1548 4299 quasi
1573 4235 1651 4279 vero
1673 4236 1711 4279 ea

970 4320 1142 4404 contagio,
1172 4335 1255 4402 quae
1274 4317 1352 4379 alies
1374 4317 1548 4402 plerasque
1570 4315 1714 4400 discipli·

960 4442 1027 4483 mas
1065 4421 1231 4504 corrupit,
1271 4418 1321 4481 rei
1352 4431 1482 4480 nostrae
1512 4419 1709 4502 antiquariae

970 4523 1182 4606 pepercisset.
1221 4521 1303 4617 Quis
1328 4519 1413 4582 cuim
1441 4519 1570 4603 ignorat
1591 4541 1711 4583 norum

969 4624 1137 4687 hominnm
1163 4643 1282 4708 genna,
1314 4621 1370 4707 qni
1395 4633 1603 4686 monumenta
1623 4635 1713 4685 vete·

970 4747 1043 4789 rum
1064 4746 1129 4792 non
1152 4745 1250 4790 seusu
1267 4724 1451 4803 communi,
1470 4723 1640 4810 intelligo,
1663 4737 1713 4788 tc·
