4242 5504
315 557 328 578 ,
450 469 533 562 aar
968 463 1158 539 sunta
1189 457 1503 537 rsvsrtun.

452 653 631 729 'Pttt'rtts
649 651 748 724 Ave.
771 653 887 715 Mulier
903 652 1010 714 relatu
1027 653 1206 710 saansaan
1544 684 1564 724 „
1625 639 1645 680 θ
1705 687 1726 726 a

464 785 554 828 mam
563 765 593 822 d.
602 765 742 829 autenm,
753 775 776 814 a.
790 773 941 814 aemam.
951 753 1020 814 stt.
1031 748 1104 832 maj.
1115 743 1203 807 moti.
1403 745 1547 808 Attrita.
1589 737 1819 810 FAVSTlNA·
1866 743 2011 816 AVGV·

524 865 652 925 Numus
669 855 724 918 hic
740 873 780 916 ex
793 873 907 917 museo
929 850 1057 917 comitis
1069 847 1203 934 Ariusti,
1404 847 1501 909 STA.
1521 849 1749 926 [Iasius-caput.

463 983 549 1030 nunc
569 963 746 1032 Caesareo,
769 954 876 1018 editus
901 967 951 1017 est
975 976 992 1015 a
1012 947 1149 1012 Kheiiiu
1160 951 1204 1026 r),
1263 945 1529 1012 cortcouuts.
1547 947 1583 1014 S.
1598 947 1635 1011 C.
1656 949 1856 1029 Elayubalus
1870 960 1907 1014 s!
1922 953 2010 1016 ras·

463 1079 580 1152 astque
607 1081 648 1123 ex
671 1077 785 1121 eorum
809 1071 952 1138 genere,
975 1071 1057 1137 ques
1082 1069 1123 1111 ex
1138 1067 1205 1110 ma·
1261 1055 1484 1113 reinserantur
1502 1054 1813 1132 denteraajunqaat.
1837 1053 1911 1116 att.
1928 1055 1956 1115 l.

462 1169 535 1253 jure
582 1159 717 1226 modulo
763 1155 840 1217 inde
885 1177 903 1216 a
948 1151 1114 1216 Caracalla
1163 1149 1204 1212 etl
1323 1150 1441 1213 Editus
1460 1163 1511 1214 est
1536 1149 1766 1227 aVaiiiantie,
1787 1165 1821 1214 et
1840 1152 1933 1216 haud
1948 1153 2008 1218 du·

462 1261 677 1354 Elagabalum
707 1275 811 1342 usque
838 1263 1014 1341 percussus
1045 1271 1142 1335 supra
1169 1248 1204 1310 iu
1260 1251 1316 1315 hie
1340 1271 1381 1316 ex
1407 1271 1522 1314 museo
1549 1250 1750 1328 christinae,
1771 1255 2006 1322 nuucvatica·

462 1365 630 1438 Caracalla
671 1360 828 1432 diximus,
868 1356 903 1417 in
941 1354 1059 1440 quibus
1094 1353 1205 1433 Augu·
1260 1373 1322 1428 no,
1345 1353 1379 1414 in
1405 1371 1471 1438 quo
1498 1351 1629 1442 integer
1652 1353 1753 1428 oiim,
1787 1375 1824 1418 ee
1847 1355 2007 1420 nitidissi-

464 1485 587 1537 starum
611 1475 708 1545 eaput
737 1477 868 1542 semper
892 1457 989 1518 lunae
1015 1451 1205 1538 impositum
1261 1474 1334 1515 mus
1360 1453 1568 1520 servabatur,
1600 1465 1637 1516 at
1660 1451 1729 1514 virli
1748 1453 1829 1537 ipse.
1873 1459 1929 1520 Ex
1950 1477 2005 1524 aa·

464 1569 674 1656 conspicitur.
719 1559 880 1656 Quoniam
899 1556 1082 1640 peremnia
1099 1555 1205 1616 Euru-
1262 1551 1338 1618 <lem
1357 1552 1463 1616 editus
1485 1553 1591 1618 estah
1604 1553 1832 1640 Havereampe
1849 1558 1923 1642 ejus
1937 1579 2005 1622 mu·

463 1692 525 1761 pue
541 1687 653 1733 musea
673 1663 788 1751 unicus
808 1671 932 1721 tantum
955 1669 1130 1742 argenteus
1146 1653 1206 1715 hu·
1263 1655 1312 1717 sei
1334 1669 1508 1740 praecone.
1551 1653 1661 1749 Quare
1688 1657 1826 1734 mirum,
1856 1659 2005 1744 praeela-

462 1775 516 1859 jua
538 1774 705 1853 Augustae
729 1782 847 1825 numus
864 1773 914 1822 est
930 1758 1098 1842 cognitus,
1121 1773 1206 1816 mea·
1262 1777 1336 1818 rum
1352 1757 1439 1820 hunc
1460 1775 1593 1818 numum
1612 1758 1760 1841 ignotum
1774 1758 1877 1824 fuisse
1894 1759 2005 1826 erudi·

463 1889 632 1939 ramesse
654 1864 794 1952 partium
818 1859 1011 1935 ridebatur,
1033 1855 1105 1938 ejus
1130 1875 1206 1939 pru·

463 1975 598 2056 ltitatem
623 1968 664 2032 ad
683 1984 797 2030 omnes
819 1962 897 2025 artis
919 1973 1050 2024 nostrate
1072 1955 1207 2040 regulas

464 2077 650 2160 explorare.
684 2072 765 2130 Pars
790 2084 904 2129 aversa
926 2063 1115 2142 incorrupta
1134 2076 1207 2121 cer·

463 2193 499 2242 te
515 2189 587 2250 est,
608 2169 758 2252 nuliique
783 2163 961 2250 suspicioni
988 2160 1147 2235 ubnuxia,
1169 2169 1206 2218 ut

464 2279 546 2344 adeo
565 2275 606 2338 tle
623 2269 713 2335 numi
727 2267 919 2352 antiquitate
940 2261 1082 2327 dubitari
1100 2258 1206 2322 nulla·

463 2393 561 2443 tenua
578 2373 691 2460 pessit.
713 2367 889 2452 Reliquum
914 2385 995 2449 ergo
1012 2377 1116 2427 tutum
1131 2381 1206 2424 exa·

462 2499 541 2543 men
569 2477 603 2540 in
627 2493 690 2538 una
712 2469 817 2536 antica
839 2479 997 2530 uersatur.
1037 2463 1143 2527 Etiam
1168 2461 1205 2525 in

461 2581 525 2643 itac
555 2588 670 2660 caput,
701 2570 789 2656 quusi
818 2567 1049 2631 nitidissimum
1073 2579 1142 2643 est,
1170 2577 1205 2629 et

461 2679 608 2745 fabricae
643 2674 830 2760 primaevae
867 2688 966 2753 epus,
1005 2667 1097 2730 omni
1125 2685 1205 2730 cura

461 2781 594 2852 liberat.
635 2777 679 2840 At
707 2775 934 2847 characteres,
972 2768 1124 2854 quoniam
1154 2785 1206 2829 se-

444 2878 684 2963 viitu'majores
704 2873 942 2958 nitidioresque
962 2883 1016 2934 eut
1034 2883 1127 2947 aunt,
1149 2879 1205 2932 aut

465 2983 554 3072 quod
574 2981 709 3062 evenire
735 2972 982 3058 circumspectis
1004 2971 1107 3048 solet,
1129 2989 1205 3033 cum

463 3083 500 3145 in
521 3102 559 3145 re
576 3079 735 3165 singulari
756 3078 791 3139 iu
815 3092 932 3142 verunt
952 3071 1137 3156 inquirunt,
1158 3083 1208 3132 ta·

463 3181 517 3246 les
538 3179 711 3255 vitientur,
744 3175 933 3260 scrupulum
963 3172 1120 3254 injecere.
1162 3171 1207 3235 At

465 3301 646 3354 vertacum
671 3278 820 3363 repetitis
851 3275 939 3339 cums
971 3272 1098 3336 nullum
1123 3271 1208 3334 indi·

466 3384 554 3448 cium
578 3382 632 3446 aut
646 3380 790 3445 recentis
813 3375 982 3462 scalpelli,
1005 3387 1059 3438 aut
1073 3391 1208 3438 excava-

365 3469 374 3480 ’
446 3479 519 3566 'tae
551 3495 663 3561 areas,
700 3479 783 3568 quae
816 3477 1003 3542 meditatam
1032 3475 1207 3538 Faustinae

449 3584 710 3673 'inscriptionem
746 3580 950 3656 admitteret,
980 3573 1208 3660 deprehende·

447 3695 556 3765 'rem,
582 3697 754 3772 praeterea
775 3701 850 3767 pars
872 3679 964 3743 numi
994 3690 1208 3742 controversa

463 3787 548 3852 niiiil
592 3779 784 3871 ¹primaevae
836 3781 965 3866 patinae
1015 3775 1208 3861 nigricantis

444 3883 629 3962 ¹amiserit,
661 3905 724 3971 qua
747 3895 885 3968 utraque
903 3869 995 3945 numi
1011 3898 1091 3964 ¹pars
1116 3875 1209 3942 ubte-

465 3988 565 4074 gitur,
588 3981 823 4050 absotrsnuum
841 3981 982 4066 denique
1001 3978 1064 4044 fuit
1077 3976 1209 4044 illustre

465 4091 532 4155 hec
555 4087 743 4164 cimelium,
775 4099 809 4149 et
834 4104 907 4150 eum
934 4093 1072 4168 propter
1091 4080 1208 4144 rarita-

464 4205 534 4256 tem
550 4210 727 4255 numerum
745 4185 841 4270 hujus
863 4185 1044 4272 Augustae,
1067 4194 1101 4254 et
1118 4179 1207 4268 quod
1309 4203 1312 4210 ¹

444 4293 448 4300 '
465 4293 582 4359 unicus
599 4291 678 4355 item
698 4309 771 4354 eum
786 4287 851 4351 hoc
868 4299 947 4372 type
960 4296 1028 4364 est,
1051 4296 1120 4347 tum
1132 4301 1208 4370 prc-

465 4408 542 4482 pter
570 4390 722 4456 eximiam
739 4387 1028 4454 ¹conseruationem
1050 4383 1208 4471 singulari

469 4513 570 4578 gazae
585 4493 765 4557 &menese
782 4501 975 4555 ornamento
992 4485 1092 4552 cedit·

1261 1871 1297 1923 tu
1318 1857 1495 1936 Beauvsis,
1518 1869 1553 1920 ut
1568 1854 1639 1944 ipse
1656 1871 1793 1924 testatur
1808 1855 1853 1943 ὓ).

1544 1957 1729 2044 0⁴0

1425 2061 1546 2122 Eadem
1561 2065 1710 2128 adversa.

1261 2157 1429 2222 mute.
1451 2161 1484 2222 S.
1507 2159 1543 2226 C.
1568 2165 1692 2243 lepus,
1714 2173 1751 2225 ur
1773 2183 1871 2244 supra
1893 2165 1931 2226 s'u
1953 2185 2006 2226 er·

1246 2271 1374 2424 {anteo
1384 2281 1454 2443 cim
1468 2267 1578 2328 eadem
1588 2258 1773 2346 maraste:
1786 2263 1889 2330 AM
1902 2265 2002 2347 (Mus.

1291 2379 1397 2425 arnas.

1387 2583 1489 2648 Numi
1507 2588 1672 2650 commuue
1687 2591 1873 2672 perquer:
1893 2567 1898 2574 Ι

1324 2765 1397 2831 Etsi
1412 2767 1541 2854 perrari
1564 2767 1600 2832 iti
1626 2791 1773 2860 quoque,
1795 2785 1905 2838 tamen
1927 2772 2004 2840 faci·
2099 2803 2100 2816 ¹

1261 2867 1325 2931 lius
1341 2869 1438 2954 hujus
1455 2869 1586 2953 generis
1602 2893 1701 2934 unum
1719 2875 1885 2957 reperias,
1907 2895 2002 2962 quant
2099 2875 2100 2906 ³

1262 2970 1431 3035 commatis
1448 2971 1597 3034 Romani.
1632 2973 1770 3058 Ephesii
1789 2975 1915 3062 aliquot
1928 2997 2003 3062 pru·

1263 3069 1333 3134 aliti.
1364 3071 1477 3153 (Vaill.
1492 3091 1581 3135 uum.
1605 3074 1738 3156 Graec.)
1777 3075 1926 3140 Aliarum
1951 3099 2002 3142 ur·

1248 3169 1354 3236 isium
1376 3171 1485 3237 vanos
1507 3173 1651 3237 cununst
1674 3195 1822 3241 museum
1850 3176 2002 3263 Theupr-

1262 3273 1305 3351 li,
1326 3271 1427 3336 murlo
1447 3273 1570 3358 probae
1593 3293 1705 3338 omnes
1727 3275 1815 3342 fidei.
1858 3279 2003 3343 Nonnul-

1262 3373 1315 3438 lus
1329 3373 1450 3438 dedere
1468 3375 1615 3440 coloniae
1633 3379 1791 3460 Berytus,
1812 3377 2012 3466 Ptolemais„

1264 3472 1386 3554 Sidon,
1404 3478 1531 3554 Troas,
1554 3497 1636 3562 quos
1658 3475 1734 3544 vide
1758 3477 1842 3563 apud
1860 3469 2023 3549 Vaillsn·¹

1262 3575 1345 3640 tium
1375 3589 1409 3639 et
1431 3577 1656 3641 Pelleriuium.
1692 3581 1830 3643 Exstant
1859 3577 2001 3666 risuique
2099 3569 2100 3586 ³

1263 3674 1477 3740 Alexandrini
1485 3678 1634 3763 inscripti
1646 3675 1685 3739 L.
1694 3679 1745 3756 tt,
1767 3679 1846 3764 quin
1860 3682 1999 3746 aralium

1265 3799 1339 3843 cum
1361 3778 1402 3843 L.
1418 3773 1458 3856 Δ.
1480 3799 1521 3845 ex
1538 3797 1652 3846 musea
1672 3778 1863 3849 Aiustisanu
1883 3781 2000 3870 adjecit

1264 3879 1308 3946 cl.
1326 3882 1452 3968 zoega.

1414 4105 1514 4171 Numa·
1522 4095 1609 4188 salas·
1622 4111 1683 4170 art
1697 4109 1844 4186 musore.

1327 4283 1500 4352 Faustinae
1527 4286 1654 4366 numia,
1683 4288 1835 4374 quoniam
1864 4287 2000 4356 eximite
2099 4275 2100 4288 ἵ

1264 4402 1339 4454 sunt
1352 4388 1517 4466 raritatis,
1537 4385 1627 4452 idem
1643 4389 1780 4469 accidit,
1801 4387 1890 4477 quusi
1899 4391 1999 4457 Othe-

1262 4489 1326 4582 nis,
1346 4489 1533 4571 Pescennii,
1554 4489 1776 4578 aliorumque,
1798 4511 1938 4578 querum
1947 4513 1998 4560 ee·

506 4724 537 4796 a)
556 4717 709 4812 supter.
728 4713 767 4778 aa
784 4715 876 4784 rau
984 4716 1018 4794 a)
1036 4713 1111 4782 aar
1129 4715 1193 4780 ur.
1212 4671 1249 4782 r.
1263 4715 1287 4784 t.
1306 4733 1339 4798 p.
1357 4719 1420 4786 ssu
