4280 5540
407 461 453 530 lili

277 643 287 657 ⁶
409 629 441 690 ei
475 624 636 709 principio
672 623 735 688 tuit
767 627 870 688 Annls'
897 627 989 698 Veri,
1025 599 1085 684 ¹sed
1111 621 1154 684 ab

408 725 595 802 Hadriam,
623 727 656 790 in
678 727 775 810 vcujus
802 725 930 810 gremio
951 737 1043 807 patre
1069 743 1156 784 mor·

410 843 467 892 tuo
493 826 649 890 educatus
677 827 758 903 luit,
782 827 888 890 dictus
907 829 1034 890 Annios
1053 828 1158 887 Varla·

409 935 528 1006 simus,
550 929 681 994 nominc
715 931 780 994 boc
806 929 911 992 altero
932 927 1032 991 etiant
1050 925 1158 986 nuntia

414 1033 549 1098 Graecis
586 1029 805 1114 confirmato,
845 1029 933 1114 quod
967 1025 1158 1092 docebimus

413 1134 498 1196 iufra
515 1133 548 1219 in
573 1133 643 1216 ejus
668 1133 772 1196 titulis
784 1163 796 1208 ‚·
815 1131 1019 1214 donatusque
1043 1149 1157 1192 sexen-

409 1234 458 1318 nis
468 1253 554 1318 equo
569 1233 713 1317 publico,
736 1247 771 1296 et
790 1233 979 1296 octennisiu
993 1230 1155 1298 Saliorum

323 1321 334 1350 '
410 1335 599 1418 conlegium
621 1335 745 1398 relatus
762 1335 802 1416 Ι).
834 1338 930 1396 Anno
955 1331 1069 1396 aetatis
1083 1331 1157 1398 XV.

408 1451 537 1520 sumpta
556 1435 646 1499 virili
664 1449 741 1519 toga
764 1435 902 1499 subinde
925 1453 986 1518 per
1003 1433 1158 1518 improvi-

408 1559 477 1600 sam
494 1536 740 1602 AeliiCaeanris
757 1551 897 1600 mortam
915 1555 1062 1600 summae
1085 1533 1157 1618 spei

407 1637 580 1700 admoveri
597 1639 719 1722 coepit.
751 1639 882 1700 Etenim
896 1640 939 1708 V.
955 1639 991 1702 C.
1012 1637 1070 1712 89s
1091 1638 1156 1696 An-

410 1739 543 1801 toninus
588 1739 667 1804 Pisis
700 1740 743 1802 ab
773 1741 939 1803 Hadriano
984 1735 1155 1830 adoptatus

409 1839 521 1922 jussus
537 1839 607 1923 ipse
623 1841 686 1904 fuit
702 1841 860 1927 adoptare
874 1843 1015 1904 Annium
1028 1839 1154 1904 Verum

411 1956 579 2016 nostrum,
609 1955 645 2006 et
676 1944 719 2008 1..
742 1943 912 2006 Ceionium
938 1939 1153 2004 Commodum

323 2101 328 2124 „
407 2041 496 2118 Aelii
523 2045 616 2107 Caes.
639 2043 763 2122 filium,
793 2045 899 2107 serius
913 2045 1095 2127 Augustum
1114 2043 1154 2104 L.

406 2145 488 2211 Veri
516 2145 660 2210 nomine.
693 2144 758 2238 Qui
784 2165 803 2208 a
827 2145 996 2209 veteribus
1028 2143 1154 2215 dixere,

407 2245 582 2310 Ceionium
612 2247 828 2312 Commodum
858 2271 876 2311 a
908 2250 1041 2322 Marco,
1089 2265 1154 2310 uon
1276 2308 1279 2322 ,

409 2347 579 2410 Antonino
598 2345 659 2410 Pio
684 2349 787 2412 fuisse
801 2349 1012 2432 adoptatam,
1035 2345 1155 2408 lallun·
1210 2401 1217 2414 ,

397 2463 480 2522 νων,
502 2461 539 2510 ut
564 2446 695 2512 dicetur
718 2452 754 2511 iu
776 2453 815 2512 1.
836 2453 937 2519 Vero.
973 2446 1155 2530 Adoptatus

408 2569 470 2632 pro
498 2547 605 2610 Annio
630 2549 735 2614 dicim
759 2565 810 2614 est
836 2554 1010 2624 Aurelian,
1040 2563 1074 2612 et
1104 2567 1155 2608 aa·

404 2647 551 2710 cundum
567 2649 695 2735 insigne
714 2673 858 2715 marmor
875 2650 1107 2714 Gruteriauum
1121 2645 1155 2725 b)

294 2825 300 2840 .
407 2755 500 2838 ejus,
524 2769 696 2840 antequam
719 2745 893 2838 irnperiuris
907 2753 1025 2836 adiret²
1045 2752 1153 2815 omnia

410 2857 544 2919 nomina
568 2857 682 2920 foere:
725 2861 769 2920 M.
794 2859 907 2919 Aols‘os
925 2857 1078 2918 Aurelius
1099 2858 1156 2916 Ve-

410 2981 466 3021 ros
492 2963 618 3020 Caesar.
646 2959 698 3018 De
721 2978 824 3032 suno,
848 2977 912 3039 quo
940 2970 1079 3040 uterque
1105 2967 1155 3017 est

765 441 813 516 u.
866 437 1171 514 svnucrvs
1229 434 1595 510 surorruvs.
1648 410 1650 416 ’

1333 685 1335 690 .
1377 625 1423 690 V.
1439 625 1470 684 e.
1492 629 1565 686 are.
1597 627 1632 684 ι».
1656 627 1697 688 x.
1720 631 1793 694 ,raa
1879 599 1883 606 ’

1239 725 1418 788 cAuSAn.
1448 727 1690 802 orneacus.
1719 727 1811 796 coc.
1837 727 1934 789 cuc.

1357 927 1737 992 auraemalae.
1765 925 1865 994 Ave.
1889 929 1957 991 I’ll.

1355 1027 1394 1090 F.
1418 1028 1512 1100 COS.
1535 1027 1632 1090 Dus.
1648 1034 1758 1110 ‚Caput
1772 1034 1902 1100 nudum.

1214 1127 1482 1196 ANTONINVS.
1499 1124 1600 1196 AVG.
1619 1131 1726 1198 PIVS.
1746 1132 1783 1192 P.
1799 1133 1835 1192 P.
1859 1134 1959 1212 Caput

1213 1235 1372 1294 Antonini
1388 1235 1576 1308 laurentum,
1595 1235 1648 1296 cel
1658 1237 1788 1296 nudum.
1808 1231 1878 1298 An.
1889 1235 1960 1298 ΑΕ.

1214 1335 1256 1396 II.
1283 1335 1382 1414 (blus.
1406 1334 1514 1412 Caes.)

1277 1437 1402 1498 Nomos
1420 1434 1480 1496 hos
1503 1435 1647 1518 aigu'atos
1669 1455 1741 1498 esse
1771 1455 1856 1500 anno
1878 1435 1955 1515 boc,
2034 1442 2037 1448 ’

1213 1547 1249 1598 et
1267 1556 1333 1598 non
1358 1535 1594 1616 praecedente,
1627 1537 1784 1622 probatur
1809 1557 1874 1602 uon
1893 1552 1958 1600 tam

1213 1655 1255 1704 ex¹
1278 1635 1388 1698 addito
1403 1635 1499 1700 COS.
1521 1639 1617 1700 Dus.
1635 1641 1779 1723 (poterat
1796 1639 1882 1702 euim
1902 1639 1958 1704 de·

1213 1738 1336 1822 signari
1355 1740 1472 1802 consul
1496 1742 1532 1802 in
1546 1757 1667 1802 annum
1683 1741 1824 1826 aliquem
1848 1763 1957 1806 remo-

1212 1842 1357 1914 tiorem,
1392 1854 1427 1902 et
1460 1859 1526 1902 uon
1565 1843 1715 1926 proxima
1751 1844 1956 1924 continuum)

1212 1962 1309 2027 quarn
1331 1961 1373 2004 ex
1399 1943 1557 2010 Antonini
1591 1944 1686 2008 titulo
1710 1948 1746 2006 P.
1764 1947 1822 2020 Ρ.,
1853 1965 1952 2029 quem

1182 2028 1186 2033 ’
1211 2045 1276 2106 lion
1299 2043 1435 2108 demum
1458 2048 1563 2122 auno,
1594 2065 1701 2132 neque
1728 2059 1822 2110 antes
1851 2047 1891 2112 ab
1915 2067 1957 2110 eo

1215 2146 1401 2229 adoptatum
1420 2163 1463 2212 ex
1480 2149 1586 2210 nuruis
1601 2149 1773 2232 probabile
1789 2147 1836 2213 Iit.

1385 2353 1424 2412 ν.
1449 2353 1478 2412 c
1500 2309 1572 2416 sos.
1595 2355 1630 2416 1³.
1656 2357 1697 2420 n.
1722 2364 1791 2420 sao.

1428 2455 1608 2516 canossa.
1631 2461 1718 2522 coa.

1188 2703 1193 2716 .
1252 2619 1465 2686 Consulatum
1486 2622 1546 2685 init
1556 2643 1630 2688 cum
1647 2625 1811 2688 Antonino
1823 2627 1954 2689 eoslll.

1354 2763 1585 2873 sinucius.
1631 2809 1809 2872 causan.
1855 2811 1954 2878 sve.

1217 2953 1239 2976 ,,
1354 2909 1423 2970 PII.
1446 2909 1482 2968 F.
1506 2909 1601 2973 COS.
1627 2914 1870 2990 copulandum.

1211 3005 1477 3076 arnolsinus,
1491 3010 1590 3076 svo.
1608 3012 1766 3076 river.
1783 3015 1820 3075 r.
1832 3015 1900 3076 rn.
1917 3015 1955 3074 Ρ.

408 3059 601 3142 adoptatus,
623 3058 753 3138 litigant
778 3057 908 3119 eruditi.
947 3057 1079 3119 Diserte
1097 3059 1155 3119 Cs-

349 3215 353 3224 ,
408 3159 565 3242 pitolinus
602 3158 779 3231 idfactuna
809 3158 907 3222 tradit
929 3157 964 3222 in
997 3163 1157 3226 Antonini

406 3261 581 3322 consulatu
603 3262 727 3336 11..‚,es
754 3281 829 3324 eum
855 3263 1008 3326 Aurelius
1035 3285 1154 3332 annuns

410 3363 531 3424 XVIII.
560 3375 675 3445 ageret
698 3363 745 3439 ο),
770 3381 867 3446 quem
905 3378 1014 3426 tamen
1043 3365 1154 3428 locum
1486 3413 1506 3451 4
1569 3370 1588 3409 '¹

392 3437 619 3524 ‘esssuhonus
630 3463 664 3522 in
684 3463 852 3526 codicibus
864 3465 983 3529 misere
1000 3466 1154 3550 deprava·
1352 3477 1476 3536 Eadem
1497 3475 1644 3535 aduorso.

408 3577 478 3622 tum
492 3559 677 3644 profitetur.
700 3565 765 3626 alii
782 3553 869 3628 istud
885 3567 1168 3630 sactumcensentv
1208 3572 1375 3638 HONOS.
1411 3578 1469 3636 Vir
1484 3584 1718 3655 coquus-stans
1733 3579 1906 3662 dranum,
1924 3599 1950 3638 s.

408 3662 686 3748 vivoHadriano‚
710 3679 744 3728 et
769 3689 853 3731 anuo
870 3671 910 3737 V.
936 3673 972 3737 C.
1002 3675 1087 3756 891,
1111 3673 1152 3736 de
1209 3676 1713 3757 cornucoplae.AV.AR.AE.I.
1732 3678 1831 3757 (Itius.
1843 3679 1951 3755 Caes.)

342 3807 343 3810 κ
407 3783 475 3848 quo
497 3764 574 3848 lege
597 3763 815 3850 disputantem
839 3771 1085 3838 Tillemoutinm
1108 3773 1152 3856 ἅ),
1273 3777 1473 3840 HONORIS
1496 3792 1591 3860 eaput
1605 3777 1749 3862 jugatum
1761 3798 1834 3841 cum
1847 3780 1954 3861 capite

409 3879 443 3927 et
465 3866 500 3926 in
529 3864 592 3930 hoe
614 3867 763 3932 examine
791 3871 1008 3936 abundantem
1036 3875 1153 3936 Camil·
1212 3877 1421 3945 VIRTVTIS
1454 3877 1648 3941 observatur
1677 3878 1710 3940 in
1738 3880 1845 3942 numia
1870 3897 1953 3965 ¹geu·

410 3967 479 4028 lum
499 3968 695 4032 silvestrum
719 3970 762 4054 ⁰).
795 3971 963 4066 Quidquid
978 3976 1058 4051 erit,
1082 3975 1152 4060 ejus
1209 3977 1640 4057 naturamnaturaim,
1664 3965 1953 4064 utrumqueeiiam

408 4081 503 4129 certe
522 4069 612 4132 numi
636 4082 710 4132 aute
733 4091 852 4134 annuus
877 4077 919 4142 V.
943 4077 981 4138 C.
999 4077 1062 4160 llos
1087 4100 1154 4142 uon
1191 4101 1331 4145 ,nomeu
1348 4081 1543 4166 proponitur
1561 4081 1696 4168 atsnsiu
1711 4101 1825 4146 aversa
1840 4102 1953 4144 numo-

411 4183 598 4262 oecurrunt.
621 4171 759 4234 Praeter
768 4174 923 4238 collatum
935 4181 1081 4242 Caesaris
1096 4201 1155 4244 uo·
1209 4205 1284 4246 rum
1301 4181 1436 4248 Galbae.
1467 4183 1519 4246 De
1542 4183 1667 4266 templo
1682 4184 1812 4268 utrique
1830 4185 1951 4246 Romae

409 4287 488 4330 man
515 4271 624 4352 gratia.
641 4273 754 4336 sumtis
778 4273 866 4340 lacta
888 4275 1078 4364 designatus
1104 4296 1158 4346 est
1208 4298 1323 4347 erecto
1339 4283 1415 4350 sida
1434 4284 1564 4348 Livium
1581 4293 1629 4366 a).
1666 4286 1830 4354 VIRTVS
1854 4285 1952 4349 etiam

399 4367 622 4455 .¹l¹¹⁸⁰⁸i⁰¹'·¹l·
884 4371 890 4380 ⁰
1210 4387 1295 4450 inira
1337 4400 1500 4451 occurret.
1551 4387 1724 4452 Praeclara
1762 4401 1952 4472 argumenta

1212 3110 1307 3174 COS.
1326 3111 1381 3172 III.
1407 3111 1506 3190 Capul
1522 3114 1700 3178 laureatum
1717 3117 1786 3182 AV.
1802 3115 1870 3178 AR.
1885 3117 1954 3178 ΑΕ.

1211 3213 1236 3272 I.
1259 3214 1302 3276 II.
1332 3217 1431 3280 Numi
1448 3215 1546 3281 obvii.

466 4614 497 4682 a)
517 4609 676 4688 capisofin.
697 4631 721 4668 c.
740 4625 850 4678 usin
937 4618 972 4685 bt
991 4621 1176 4696 11ngqu
1267 4627 1297 4698 c)
1318 4623 1462 4682 inatus-el.
1480 4638 1544 4689 us.
1626 4625 1949 4700 mautrauers.

323 4757 328 4764 ,
411 4699 503 4770 l’iurn.
577 4705 607 4774 a)
627 4703 766 4763 Raecolta
787 4703 818 4762 di
837 4705 979 4784 Calogera
995 4711 1028 4769 Τ.
1048 4711 1097 4771 III.
1117 4713 1147 4769 Ρ.
1164 4727 1207 4782 23.
1282 4715 1487 4793 OCapitoliu.
1503 4735 1527 4775 c.
1546 4727 1571 4784 5.
1645 4719 1679 4793 g)
1697 4716 1948 4784 uxxvuusu.
