4224 5506
869 535 872 544 ,
934 455 1242 548 FAVSTINA
1291 458 1517 534 tvtt'tott.

416 653 464 720 sie
491 665 618 722 tamen,
651 657 687 708 nt
711 643 830 708 faciem
851 641 1044 716 Faustinae,
1074 639 1158 704 etin
1216 639 1303 728 quod
1326 639 1413 704 hunc
1432 641 1535 725 ipsum
1555 652 1664 723 typum
1687 637 1831 721 inhujus
1855 639 1961 718 Augu·

416 772 530 814 auersa
561 763 684 812 tectum
714 745 829 829 templi
859 757 892 806 et
922 764 1011 806 aram
1043 741 1159 805 vestiet
1217 741 1602 806 staemonetariderent.
1627 740 1962 823 Nonlubetineptnm

415 853 548 916 lamella
573 861 728 932 argentea
752 859 910 910 artetum
935 841 1094 917 mirabili,
1123 854 1159 904 ut
1215 845 1316 918 banc,
1340 857 1373 906 et
1387 843 1450 925 jam
1468 841 1694 912 nuucnemitti
1715 839 1878 912 creditam
1895 841 1962 922 opi·

416 955 499 1020 nibil
511 951 692 1038 perfectius
703 949 736 1010 in
751 947 815 1010 boc
831 963 953 1030 genere
972 943 1173 1026 rideripos·'
1217 945 1349 1010 nlonem
1367 943 1536 1008 refellere.

418 1058 470 1124 sit.
501 1055 586 1138 ‚nuit
610 1051 689 1114 olim
710 1050 742 1112 in
766 1067 879 1112 museo
900 1046 1044 1128 Collegit
1068 1042 1157 1108 acad.

418 1158 452 1218 8.
469 1161 511 1233 1.,
535 1171 568 1220 et
585 1153 663 1217 inde
675 1153 709 1214 in
727 1171 842 1235 ganam
857 1151 1162 1212 Caesareamtrans·

417 1261 529 1323 lstum.
577 1259 732 1320 Ceterum
756 1251 858 1314 nolim
892 1248 1064 1322 adserere,
1096 1267 1162 1310 non

418 1373 547 1424 exstare
565 1357 739 1420 Faustinae
755 1349 1073 1434 numumgcnuinum
1087 1369 1161 1411 unm
1282 1352 1427 1414 Auctore
1449 1351 1557 1414 Dione
1574 1347 1607 1430 h)
1631 1351 1805 1414 Faustinae
1827 1359 1969 1412 mortem
1994 1334 2001 1344 '

418 1462 481 1524 hoc
510 1475 609 1542 typo,
631 1441 705 1520 nam
729 1455 885 1517 habemur
906 1450 1048 1514 similem
1071 1447 1160 1510 dem·
1218 1451 1432 1516 vehementer
1468 1453 1554 1516 luxit
1589 1452 1755 1516 Aurelius.
1800 1449 1970 1534 Apertins,

414 1577 474 1648 pto
499 1563 533 1624 S.
560 1563 595 1624 C·
626 1573 659 1620 et
682 1556 829 1620 adstante
848 1572 947 1636 parva
973 1549 1096 1634 figuras
1127 1549 1160 1608 in
1219 1573 1301 1636 quae
1329 1552 1370 1616 nd
1390 1555 1671 1618 consecrationem
1694 1553 1880 1639 pertinent,
1913 1551 1970 1612 Ca·
2095 1611 2096 1616 ,

418 1664 524 1724 naumis
553 1659 683 1723 coaevis
714 1655 862 1720 Lucillae
890 1651 1049 1716 maximae
1081 1651 1160 1712 item
1217 1655 1374 1740 pitolinus
1391 1657 1437 1736 ο)ε
1462 1661 1811 1738 bellissimum-art
1835 1657 1973 1726 honores

421 1763 562 1836 lormae,
595 1781 675 1844 quos
706 1757 853 1820 dabimus
882 1755 958 1816 loco
981 1774 1050 1814 suo.
1090 1755 1162 1814 Mo·
1218 1759 1411 1834 Faustinae,
1429 1765 1602 1842 &demque
1617 1757 1969 1826 decerneretdaudetu

419 1883 500 1925 nere
525 1877 632 1924 tamen
657 1859 781 1920 tirones
807 1856 871 1918 boc
894 1855 970 1916 loco
995 1853 1105 1928 volni,
1128 1867 1165 1916 ut
1222 1863 1341 1934 euclem
1359 1871 1546 1922 comtomen
1564 1860 1975 1938 t'mymdt'cr'ta'nesamapru-

418 1978 555 2048 propter
573 1981 685 2030 cautas
710 1969 906 2020 memorales
933 1954 967 2016 in
984 1951 1164 2040 adproban·
1222 1964 1303 2022 citer
1314 1964 1500 2036 laborasset,
1522 1961 1796 2044 quarantaniam
1806 1959 1861 2018 vel
1874 1959 1975 2016 mci-

423 2066 472 2127 dis
489 2065 530 2126 iis
549 2063 732 2127 cautionem
750 2057 933 2121 adhibeant.
1222 2064 1284 2136 vil,
1307 2065 1359 2123 vel
1370 2067 1597 2126 dissimulavit.
1620 2063 1732 2123 Nouae
1744 2060 1876 2138 puellas
1893 2057 1975 2116 Fue·

781 2159 801 2198 ⁴
862 2201 883 2241 0
1223 2165 1535 2230 stistianaaa'nstr'tm't
1549 2167 1584 2224 r'n
1603 2165 1752 2224 honorem
1769 2161 1975 2222 uxorismor-

1223 2273 1308 2326 tuae.
1339 2266 1456 2324 Divum
1484 2267 1582 2324 etiam
1612 2265 1802 2324 Faustinam
1822 2281 1845 2320 a
1862 2266 1974 2319 sonmo

1224 2367 1677 2446 appellatamqratuldtuseat.
1775 2363 1869 2423 Fecit
1886 2369 1975 2420 etco-

1226 2467 1519 2542 Iom'emua'cum‚itt
1529 2488 1591 2549 qno
1608 2469 1690 2527 obt'r‘t
1706 2459 1975 2540 FaustinaOEau·

489 2567 656 2630 Involasse
681 2563 865 2628 Faustinam
890 2564 921 2622 in
947 2560 1095 2644 carpenti
1112 2561 1170 2622 bo·
1225 2565 1397 2650 etinopolis
1411 2567 1579 2630 nonnullis
1593 2566 1758 2639 creditur,
1780 2584 1881 2648 quam
1904 2581 1977 2645 pro-

422 2688 537 2731 norem
570 2666 720 2750 exemplo
749 2663 961 2740 Messalinae,
992 2677 1024 2724 et
1051 2663 1167 2746 Agrip·
1225 2663 1305 2728 dunt
1327 2666 1493 2730 itineraria
1523 2668 1646 2730 dictum
1673 2666 1776 2748 vulgo
1807 2661 1977 2732 Antonini,

424 2772 520 2854 pinae
552 2789 689 2830 uxorum
721 2765 865 2842 Claudii,
900 2785 941 2828 ex
970 2767 1035 2830 boc
1066 2783 1166 2828 numo
1223 2767 1569 2848 Hierosolymitanum,
1586 2783 1619 2830 et
1633 2767 1823 2842 Hierocles,
1847 2770 1976 2846 et'rya·

427 2871 591 2934 discimus.
1224 2867 1274 2928 nis
1310 2869 1533 2952 Cappadociae
1563 2867 1767 2947 admovent.)
1797 2879 1832 2930 et
1864 2871 1980 2928 aedem

784 2969 803 3006 ⁴*
866 3013 885 3051 ,
1224 2973 1276 3030 s'lli
1291 2974 1467 3045 exstrueris,
1499 2976 1559 3033 red
1571 2973 1649 3032 hoec
1662 2981 1778 3050 postea
1800 2973 1900 3031 aedes
1917 2972 1978 3029 He·

1226 3073 1389 3150 liopnhalo
1410 3076 1560 3134 dedicata
1581 3083 1638 3134 est.
1659 3074 1711 3134 De
1730 3071 1794 3133 bac
1812 3067 1980 3140 aederide

1225 3171 1320 3254 pluro
1341 3172 1374 3232 in
1397 3172 1565 3234 Caracalla
1591 3171 1756 3256 Spartiani
1781 3169 1844 3231 sub
1870 3167 1982 3231 finem.

1226 3273 1318 3334 Alios
1332 3271 1475 3336 bonores
1494 3273 1611 3336 recitat
1629 3273 1695 3335 Dio
1712 3269 1767 3352 d),
1789 3291 1914 3356 nempe
1925 3269 1978 3332 de·

1228 3387 1334 3436 cretas
1351 3387 1501 3442 anenata
1516 3387 1637 3436 statuas
1653 3387 1832 3456 argenteas
1848 3373 1888 3432 in
1903 3385 1983 3433 tern-

1228 3477 1284 3556 plo
1304 3475 1446 3542 Veneris
1462 3489 1499 3538 et
1520 3479 1666 3550 Romae,
1689 3496 1799 3549 aram,
1822 3471 1866 3536 nd
1887 3492 1983 3556 quam
2019 3531 2023 3539 .

415 491 462 554 80

1361 1149 1496 1212 nrm
1537 1118 1847 1212 ravantum(

564 2269 605 2327 Vt
627 2267 676 2327 ltt.
692 2204 730 2326 d.

425 2369 458 2430 S.
473 2369 509 2428 P.
525 2367 566 2460 Q.
583 2370 624 2428 R.
654 2369 849 2444 ,Carpentunt
871 2383 893 2422 a
923 2361 1047 2422 dnobus
1071 2363 1166 2422 mulis

361 2463 365 2468 ’
420 2479 565 2530 tractum.
591 2467 658 2528 ΑΕ.
677 2467 702 2526 1.
726 2465 825 2540 (Mus.
844 2462 952 2538 Caes.)

702 3013 721 3051 Ι

572 3073 613 3130 Vt
633 3074 680 3130 lt'l·
699 3076 740 3132 Α.

425 3171 606 3238 VENERI.
623 3169 827 3236 Vtcrntct.
846 3171 879 3231 S.
898 3170 933 3232 C.
960 3173 1064 3230 Vanus
1078 3169 1170 3228 sesni-

425 3275 513 3332 arnda
520 3281 610 3330 stom
618 3275 761 3332 adstanti
768 3275 868 3334 Morta*
874 3273 1088 3336 adolandum.
1099 3269 1167 3330 ΑΕ.

427 3374 467 3434 lt.
501 3373 588 3431 Idem
605 3381 714 3450 typus,
738 3375 876 3434 aeduine
889 3374 1068 3452 epiprnphe.
1098 3368 1168 3431 AE.

360 3461 362 3466 ¹
426 3492 512 3533 mar.
530 3470 615 3530 mod.
640 3473 891 3550 (Muellerum.
910 3485 943 3532 et
962 3467 1107 3549 Caesar.)

492 3573 646 3634 Furtivus
680 3573 812 3648 Martis,
840 3572 1046 3654 Venerisque
1068 3595 1170 3644 emor,

430 3691 527 3754 quem
550 3672 689 3736 Ovidius
712 3685 777 3736 toto
808 3678 1008 3738 notissimam
1024 3674 1173 3752 fabulam

429 3777 516 3836 coelo
541 3773 747 3856 appellet1),
779 3795 876 3860 saepe
895 3775 927 3836 in
946 3787 1093 3837 veterum
1124 3797 1173 3838 er·

429 3873 577 3948 trientis,
606 3888 640 3936 et
661 3875 762 3937 multa
785 3895 860 3940 eum
887 3873 1045 3938 uarietate
1061 3894 1194 3944 occur-K

431 3975 485 4036 rit.
513 3975 641 4038 Eodem
666 3975 783 4050 modu,
806 3990 841 4037 ut
859 3975 892 4035 in
908 3971 1007 4036 numo
1023 3995 1173 4056 praescn-

432 4089 487 4150 te,
517 4075 713 4157 proponitur
736 4095 833 4158 saepe
858 4076 892 4135 in
917 4074 1017 4156 signis
1033 4096 1172 4137 marmo-

433 4174 518 4247 reis,
541 4187 574 4236 et
599 4175 736 4238 annulis.
779 4176 907 4250 Fuere,
932 4175 987 4259 qni
1011 4175 1061 4236 his
1084 4175 1172 4238 exhi-

435 4272 507 4334 beri
529 4286 658 4356 turpem
683 4275 857 4337 Faustinne
892 4295 965 4338 curu
993 4275 1172 4357 gladiatore

438 4373 705 4434 consuetudinem
722 4390 905 4449 censerent,
925 4375 1048 4438 indocti
1061 4376 1171 4450 credo,

440 4533 1987 4566 Q
2095 4545 2096 4570 t

1229 3574 1372 3658 virgines
1388 3596 1519 3650 omnes,
1543 3596 1627 3659 quae
1643 3575 1815 3637 nuberent
1831 3575 1868 3635 in
1891 3572 1983 3643 urbe,

1230 3697 1292 3738 unu
1315 3697 1389 3738 cum
1411 3677 1539 3772 sponpia
1562 3673 1788 3740 sacrificarent
1810 3689 1878 3738 etc.
1921 3672 1986 3756 Ad-¹

1230 3773 1288 3851 de,
1311 3776 1399 3859 qnod
1427 3797 1469 3840 ex
1492 3777 1563 3860 ejus
1578 3797 1764 3840 numerum
1788 3777 1887 3860 copia
1910 3775 1987 3838 faci·

1229 3877 1262 3938 le
1304 3878 1479 3958 probatur,
1516 3897 1708 3960 percussam
1733 3899 1803 3958 per
1835 3879 1985 3962 reliquos

1231 3975 1328 4038 etiam
1342 3977 1471 4040 Aurelii
1485 3999 1587 4041 annos
1610 3978 1705 4049 divae
1729 3977 1913 4042 Faustinae
1930 4001 1987 4042 no·
2095 4005 2096 4008 ¹

1229 4077 1316 4138 mine
1333 4093 1510 4142 monetam.
1546 4083 1627 4142 Tam
1645 4079 1864 4142 immoderati
1886 4079 1990 4142 bono·

1230 4178 1337 4238 resin
1370 4181 1545 4242 mulierem
1576 4181 1813 4244 immerentem
1837 4180 1990 4266 congesti

1230 4277 1325 4340 facile
1352 4293 1504 4363 poteraut
1528 4279 1634 4343 dicaci
1652 4280 1771 4345 Sileno
1793 4303 1938 4346 movere
1960 4295 1993 4344 et

1231 4380 1444 4458 stomachum,
1463 4383 1608 4444 etrinum
1624 4385 1666 4464 θ).
1689 4385 1895 4470 Elegantem
1916 4386 1994 4448 ima·

497 4631 526 4693 n)
540 4628 661 4686 blatam.
682 4627 735 4689 IV.
753 4641 813 4702 189.
920 4630 954 4704 b)
973 4631 1004 4690 L.
1023 4633 1225 4706 extritae.
1327 4639 1642 4712 chnAurel.c.26.
1757 4643 1794 4714 d)
1811 4643 1835 4704 l.
1852 4664 1879 4701 c.
1906 4651 1932 4719 o.
1951 4657 1996 4711 31.

441 4719 470 4784 r)
489 4713 591 4770 lttlian.
611 4715 641 4769 in
660 4717 756 4773 Caess.
781 4722 784 4733 '
