4186 5492
398 475 471 550 ‘282

828 449 1204 534 ALEXANDER
1249 453 1528 532 SEVERVS.

399 644 510 711 Nolim
537 663 611 706 cum
639 637 810 704 Haeduino
836 657 953 723 numos
972 659 1085 704 omnes
1111 651 1147 702 et
1202 638 1285 702 adeo
1303 659 1416 704 mense
1436 641 1555 706 Martio
1573 639 1784 706 intersectum
1805 641 1943 708 Alexan·

398 766 580 820 marmora,
603 762 685 829 quoe
698 740 1074 812 Alexandrum'Felirem
1092 762 1146 826 ap·
1202 741 1297 806 drum
1326 741 1523 821 conficiunt,
1561 753 1644 828 quos
1674 743 1872 827 compendio
1902 747 1945 808 ei·

399 848 543 934 pellant,
567 848 904 932 suspectaputare·).
941 847 1024 910 Nam
1047 841 1145 904 nimis
1200 857 1285 908 tatos
1309 844 1384 908 vide
1408 845 1493 932 apud
1519 844 1808 926 uaazolenume).
1841 845 1946 939 Quam

399 947 554 1032 gravibus
586 939 718 1033 utrique
751 947 946 1011 testimoniis
984 944 1143 1018 nituntur,
1201 945 1395 1008 sententiam
1420 945 1538 1029 cupide
1561 945 1704 1030 amplexi
1726 959 1803 1008 sunt
1826 947 1870 1021 ii,
1891 947 1948 1032 qui

400 1065 435 1112 et
458 1049 818 1113 soitsaneAlexandro
840 1051 874 1112 io
897 1063 1146 1130 utrumqueno·
1202 1047 1277 1109 trib.
1304 1043 1499 1132 potestatem
1529 1047 1629 1110 natali
1656 1047 1788 1132 imperii
1810 1065 1948 1110 renora-

339 1130 350 1142 ⁶
399 1171 475 1214 men
496 1149 566 1232 jus,
597 1164 736 1216 tractum
761 1151 880 1238 quippe
906 1149 946 1212 ab
972 1149 1144 1231 adoptante
1202 1161 1267 1210 tant
1279 1148 1528 1212 contenderunt.
1549 1149 1632 1212 Nam
1649 1147 1678 1210 si
1696 1161 1858 1212 statuatur
1871 1147 1947 1211 Ale·

397 1251 596 1336 Elagabalo,
629 1263 748 1327 arsut
775 1252 869 1318 credi
898 1249 1020 1324 voluit,
1050 1260 1144 1332 patre
1197 1247 1374 1312 'xanderiu
1398 1263 1739 1328 autumnomortuus,
1764 1251 1856 1336 quod
1877 1270 1949 1314 sen·
2068 1257 2069 1322 i

286 1359 290 1370 '
398 1355 537 1416 naturali
553 1353 736 1430 Caracalla,
762 1373 844 1440 quae
865 1371 942 1414 sano
964 1351 1048 1421 ratio
1067 1371 1145 1414 vera
1203 1349 1284 1412 sisse
1308 1347 1704 1428 aliusmoxridebimus,
1728 1351 1864 1414 modom
1883 1373 1946 1415 nou

395 1475 475 1541 prae
503 1457 625 1532 altera,
658 1475 754 1540 quam
790 1453 901 1515 statuit
925 1451 1144 1536 Lampridius,
1203 1471 1379 1536 reperere,
1402 1473 1467 1538 que
1483 1453 1684 1516 successuris
1703 1452 1877 1517 Maximini
1892 1455 1946 1516 tri·

399 1558 456 1642 qui
471 1555 512 1619 ab
532 1557 604 1620 aliis
621 1561 714 1620 Pium
729 1560 927 1644 appellatum
944 1555 1065 1631 refert,
1087 1553 1147 1616 sed

398 1659 507 1740 potius
536 1678 577 1719 ex
605 1657 759 1743 opinione
792 1659 884 1746 tulgi
911 1656 952 1740 b).
995 1660 1037 1722 At
1064 1677 1146 1722 vero

398 1781 485 1820 anno
509 1757 638 1820 demum
667 1759 707 1824 V.
732 1762 769 1822 C·
797 1761 859 1841 964
881 1759 1042 1843 peculiari
1066 1777 1146 1844 quo·

400 1861 473 1920 dam
493 1860 591 1922 modo
619 1861 669 1922 illi
691 1861 792 1924 suerit
819 1861 973 1926 decretus
993 1865 1044 1923 Pii
1070 1861 1147 1925 titu-

396 1959 472 2034 lus,
495 1973 528 2022 et
543 1960 628 2023 haud
647 1961 744 2025 dubie
759 1981 820 2046 per
841 1975 1016 2047 spectatam
1035 1961 1146 2022 inma-

398 2074 485 2124 trem
510 2061 684 2144 pietatem,
716 2077 813 2150 atque
837 2063 864 2124 is
883 2078 1060 2148 propterea
1077 2083 1143 2124 non

397 2163 537 2247 amplius
554 2161 708 2248 deinceps
727 2161 942 2226 intermissus.

463 2269 588 2328 Caesar.
612 2266 779 2332 Notandus
809 2271 929 2332 iterum
960 2264 1142 2350 geminatas

398 2365 580 2450 Lampridii
607 2387 720 2444 error,
743 2370 799 2454 qui
825 2369 1047 2434 Alexandrum
1066 2385 1142 2425 mox

311 2481 316 2488 “
399 2479 529 2528 mortuo
554 2467 701 2530 Macrino
732 2475 930 2533 Caesareana
953 2481 1067 2532 senatu
1088 2487 1144 2550 up·

398 2567 554 2647 pullatum
575 2569 685 2630 statuit
700 2571 739 2648 e),
763 2572 862 2634 Aliud
882 2571 1001 2635 docent
1018 2567 1093 2641 Dio,
1110 2575 1143 2628 et

400 2668 624 2745 Herodianus,
648 2685 682 2734 ut
696 2693 754 2736 suo
770 2672 846 2737 loeo
864 2686 914 2738 est
931 2673 1122 2739 indicatum.

388 2885 394 2892 “
500 2893 547 2950 De
563 2899 699 2972 tempore
715 2897 826 2956 martis
842 2897 1033 2959 Aleoaadrs'.

463 3073 513 3130 Ex
525 3069 656 3134 disertis
669 3073 777 3136 rerhis
789 3077 979 3158 lsampridii,
1002 3077 1058 3161 qui
1069 3077 1143 3140 Ale·

403 3170 561 3230 :andrum
578 3171 756 3254 imperasse
774 3195 874 3238 annos
899 3177 985 3239 lllll.
1000 3179 1069 3240 dies
1086 3177 1141 3238 IX.

400 3271 523 3332 adserit
538 3266 586 3348 d),
609 3291 745 3334 necesse
762 3287 830 3341 est.
853 3289 888 3336 ut
905 3276 968 3356 jam
992 3299 1087 3360 supra
1102 3278 1142 3342 ad

399 3389 518 3434 annum
541 3375 582 3440 V.
607 3375 643 3436 C.
675 3373 737 3452 que
766 3373 987 3452 adverteram,
1019 3379 1142 3440 bonum

402 3471 488 3534 laune
520 3473 702 3556 principem
731 3494 861 3536 caesum
898 3478 1045 3560 ejusdem
1067 3479 1142 3542 anni

398 3571 511 3635 sitense
545 3576 674 3640 Martio.
726 3577 769 3638 At
798 3577 1006 3642 Herodianus
1041 3603 1141 3644 annos

399 3673 485 3735 XIV.
514 3674 644 3757 imperii
672 3675 859 3740 Alexandro
890 3681 1015 3744 tribuit.
1044 3683 1142 3750 Vete-

400 3795 473 3834 rum
485 3775 680 3857 scriptorum
695 3777 749 3838 alii
763 3797 834 3838 cum
847 3781 1048 3862 Lampridio,
1067 3801 1142 3843 cum

399 3872 588 3935 Herodiano
607 3875 662 3935 alii
677 3877 893 3943 consentiitnt.
934 3881 1076 3944 Medium
1098 3883 1144 3940 in·

399 3988 452 4034 ter
475 3974 535 4034 hos
558 3989 686 4060 tempus
711 3975 869 4040 deliniunt
890 3967 1010 4060 Glyca's
1035 3997 1068 4043 et
1083 3985 1144 4044 Ce-

401 4073 537 4148 drenus‚
561 4077 616 4159 qui
635 4079 811 4160 imperasse
832 4101 932 4140 annos
949 4080 1034 4142 Xlll.
1053 4103 1143 4150 mon·

401 4191 453 4234 ses
469 4176 553 4238 Vlll.
577 4189 729 4239 statuunt.
758 4180 973 4243 Recentiores
989 4181 1141 4266 plerique

403 4275 591 4356 Lampridio
632 4278 873 4341 adhaerendum
913 4293 1045 4364 putant,
1087 4285 1142 4367 qui

433 4502 469 4572 a)
486 4502 565 4576 opp.
583 4503 634 4564 sel.
654 4527 682 4579 p.
701 4517 754 4580 819
784 4521 845 4575 823.
971 4516 1006 4589 b)
1027 4520 1100 4596 Cap.
1119 4527 1146 4580 4.

1203 1551 1357 1616 buuotum
1376 1555 1430 1623 lV.
1449 1554 1678 1618 extenderent.

1266 1653 1309 1716 At
1331 1655 1416 1718 enim
1432 1670 1508 1719 sunt
1527 1669 1728 1742 argumenta,
1740 1655 1776 1718 in
1803 1651 1943 1737 speciem

1203 1756 1331 1838 gratia,
1354 1775 1436 1838 quae
1452 1753 1587 1822 differre
1606 1753 1787 1820 Alexandri
1806 1769 1942 1818 mortens

1203 1857 1318 1918 saltem
1340 1877 1443 1942 usque
1471 1857 1505 1918 in
1532 1872 1723 1922 autumnum
1746 1856 1823 1919 anui
1845 1855 1885 1920 V·
1909 1856 1941 1918 C.

1202 1955 1411 2042 pdsseugunt.
1442 1961 1556 2022 Exstat
1574 1959 1630 2023 lex
1657 1959 1730 2021 dats
1749 1957 1791 2020 ab
1810 1956 1944 2019 Alexan·

1202 2057 1263 2122 dro
1285 2062 1368 2142 Aug.
1392 2059 1445 2123 die
1467 2063 1554 2124 Xlll.
1578 2061 1737 2144 Augusti,
1766 2059 1892 2121 Severo
1914 2072 1944 2118 et

1202 2159 1379 2255 Quintiano
1410 2183 1499 2238 eoa,
1531 2163 1588 2248 qui
1619 2161 1781 2225 fastorum
1803 2159 1943 2222 omnium

1201 2281 1362 2325 consensu
1378 2277 1612 2348 processerunt
1628 2263 1669 2330 V.
1687 2265 1724 2326 C.
1746 2261 1821 2346 988.
1858 2263 1944 2343 Ergo

1201 2363 1511 2430 Alexandermense
1522 2368 1670 2450 Augusto
1687 2363 1787 2446 hujus
1803 2359 1881 2426 anni
1896 2359 1946 2421 ad·

1199 2461 1271 2527 huc
1285 2478 1452 2550 superstes
1469 2465 1542 2528 tuit.
1568 2469 1644 2529 Hoc
1660 2465 1786 2529 codicis
1803 2461 1945 2528 iustinia-

1199 2567 1254 2628 nei
1275 2567 1444 2628 oraculum
1467 2565 1492 2646 s)
1513 2569 1594 2632 tanti
1614 2567 1721 2631 risum
1742 2578 1794 2629 est
1817 2562 1944 2628 erudito

1197 2667 1397 2748 Dodwello,
1438 2685 1474 2734 ut
1502 2669 1568 2752 jam
1606 2667 1648 2732 de
1679 2682 1833 2752 tempore
1862 2663 1945 2730 eaesi

1173 2777 1177 2786 '
1199 2769 1379 2834 Alexandri
1394 2771 1538 2836 dubitari
1559 2793 1624 2834 non
1638 2790 1736 2854 posse
1760 2768 1880 2832 audeat
1896 2767 1946 2829 sd-

1198 2859 1313 2936 serere
1341 2876 1383 2952 a).
1426 2871 1575 2946 Eodem,
1609 2873 1744 2954 opinor,
1777 2891 1819 2932 ex
1844 2869 1946 2952 eapite

1199 2972 1433 3036 Mediobarbus
1444 2973 1624 3036 Alexandri
1634 2985 1785 3052 ¹morteto
1805 2971 1839 3032 in
1851 2971 1947 3032 Oete·

1199 3071 1285 3136 brim
1303 3075 1423 3138 differt.
1456 3074 1615 3154 Advertit
1626 3073 1653 3136 is
1678 3071 1786 3135 nodos
1802 3069 1947 3152 Pagium,

1200 3193 1340 3260 eumque
1370 3177 1432 3260 jam
1466 3177 1588 3240 mensis
1619 3174 1759 3236 Martius
1789 3173 1863 3256 ejus
1884 3171 1949 3234 sni·

1201 3297 1288 3337 mum
1321 3293 1534 3362 occupasset,
1574 3275 1690 3340 maluit
1725 3273 1883 3338 mendum
1916 3277 1948 3335 in

1200 3377 1276 3462 lege
1307 3379 1483 3461 suspicari,
1515 3392 1548 3442 ct
1579 3377 1757 3452 adserere,
1787 3399 1850 3462 pro
1873 3379 1947 3440 idib.

1200 3487 1284 3560 Aacp.
1306 3479 1486 3562 legendum
1508 3483 1587 3542 idib.
1610 3483 1685 3542 Ian.
1714 3479 1768 3543 rel
1792 3481 1883 3542 Febr.
1907 3474 1947 3556 ΙΙ).

1199 3585 1241 3642 At
1262 3581 1347 3641 en'im
1375 3579 1464 3642 aliud
1486 3597 1719 3664 argumentum
1737 3581 1853 3666 priore
1872 3579 1950 3642 mul·

1202 3697 1234 3742 to
1256 3681 1393 3742 validius
1413 3679 1454 3744 ad
1471 3680 1688 3744 differendam
1710 3683 1742 3742 in
1761 3695 1947 3742 autumnum

1201 3781 1380 3846 Alexandri
1413 3791 1554 3848 mortem
1588 3803 1629 3844 cx
1664 3803 1766 3844 trunto
1803 3781 1947 3844 Amosiae

1200 3881 1313 3953 Ponti,
1338 3895 1370 3942 et
1395 3883 1551 3966 inscripta
1576 3885 1652 3946 huic
1675 3881 1805 3967 epocha
1828 3880 1949 3964 reperit

1199 3962 1414 4046 diazzolcnus
1440 3981 1485 4064 l).
1531 3985 1649 4066 Coepit
1685 4005 1762 4046 aera
1790 3982 1945 4055 Amasiae,

1200 4098 1235 4146 ut
1263 4083 1297 4145 in
1323 4082 1393 4165 ejus
1420 4085 1531 4146 numis
1565 4083 1890 4157 demonstravimus,
1917 4085 1947 4144 in

1199 4198 1354 4246 autumno
1382 4186 1459 4248 anni
1484 4187 1526 4253 V.
1550 4187 1586 4246 C.
1605 4195 1680 4269 747.
1728 4173 1846 4248 Exstat
1868 4181 1947 4268 apud

1199 4283 1410 4352 Vaillantium
1437 4309 1558 4350 numus
1584 4291 1755 4351 Mamaeae
1772 4289 1947 4351 Amasenus

1270 4526 1299 4594 c)
1321 4524 1352 4579 iu
1371 4523 1454 4582 Alex.
1475 4545 1502 4583 e.
1523 4536 1547 4584 l.
1568 4537 1598 4584 et
1617 4539 1646 4590 2.

403 4589 434 4690 a)
454 4588 607 4684 Animadv.
622 4592 652 4646 in
669 4597 813 4694 marsaPis.
833 4602 908 4658 Part.
932 4605 968 4661 Il.
985 4627 1015 4683 p.
1041 4611 1101 4674 146.
1181 4609 1258 4686 012.
1280 4611 1318 4670 ll.
1340 4611 1378 4671 de
1393 4615 1471 4696 ulfic.
1484 4629 1617 4695 praetor.
1701 4625 1735 4696 g)
1758 4620 1944 4678 Disserelll.

405 4675 543 4748 (pprtau.
631 4677 666 4746 h)
687 4681 786 4740 Crtttc.
807 4691 912 4749 aaron.
932 4691 1057 4754 adtann.
1078 4707 1143 4764 235.
1235 4698 1258 4772 i)
1278 4698 1297 4757 i.
1318 4721 1343 4760 c.
1409 4713 1414 4720 ’
1697 4691 1699 4698 Ι

1758 4525 1794 4600 d)
1815 4533 1888 4607 Cap.
1907 4535 1947 4590 fo.
2068 4523 2069 4528 ¹
