4186 5492
661 461 959 537 GORDIANI
996 462 1023 534 1.
1055 485 1099 534 ιι
1126 461 1172 536 ll.
1253 527 1259 538 .

340 704 344 712 .
418 647 579 709 Consul

191 831 393 914 Gordianum
411 847 575 918 seniorem
597 832 872 933 bis'processisse

124 950 317 1023 cousulemt
339 949 479 1031 primum
509 969 583 1012 cum
607 949 793 1024 Caracalla,
818 947 874 1010 de·

125 1050 207 1115 iude
231 1048 435 1123 Alexandro,
468 1050 591 1113 diserte
619 1051 724 1149 refert
746 1049 875 1132 Capito·

122 1153 214 1214 linus
238 1153 289 1232 ⁸),
318 1149 408 1235 quod
437 1151 464 1212 si
486 1171 620 1229 verum,
652 1170 788 1214 necesse
812 1163 873 1225 est,

1602 485 1674 552 30³

932 642 1094 730 originem
1110 657 1277 730 paternam
1297 645 1463 711 Gordiano
1482 672 1498 712 e
1516 649 1676 736 Gracchis

930 747 1052 822 fuisse,
1076 748 1155 822 etsi,
1179 762 1215 810 ut
1235 762 1304 809 erat
1322 763 1438 812 auctor
1460 755 1594 816 minime
1608 777 1678 819 mo·

931 869 1044 923 rosus,
1067 869 1175 933 neque
1197 865 1386 932 aspernatus
1417 868 1466 914 cst
1489 874 1602 919 coruus
1628 871 1677 920 te·

932 949 1101 1026 stimonia,
1125 951 1180 1034 qui
1203 971 1276 1013 eum
1295 953 1334 1014 ab
1351 957 1518 1030 Antoniis,
1540 959 1676 1023 Antoni·

931 1051 1001 1124 nis,
1025 1051 1182 1134 Pompejo
1196 1067 1256 1115 etc.
1270 1053 1443 1116 oriundum
1460 1057 1585 1122 dixere.
1609 1062 1677 1128 Cot·

931 1171 995 1212 non
1022 1152 1151 1213 omissis
1177 1152 1274 1235 hujus
1305 1158 1400 1238 nugis
1431 1159 1554 1241 placuit
1582 1161 1677 1244 sequi

126 1253 232 1344 luisse
250 1250 623 1328 consulatussuifcctos,
645 1274 719 1314 nam
736 1251 769 1312 in
782 1251 874 1338 lastis
931 1251 1156 1314 Herodianum
1182 1274 1358 1332 coaevum,
1392 1259 1445 1342 qui
1469 1260 1608 1344 loquens
1633 1259 1676 1323 de

124 1365 445 1416 nonmemorautur.
479 1355 523 1416 At
538 1354 571 1414 in
589 1353 658 1435 ejus
674 1353 781 1414 numis
799 1351 875 1414 sim·
934 1353 1096 1442 Africanis
1130 1357 1314 1418 Gordianos
1345 1357 1386 1419 ad
1418 1360 1591 1444 imperium
1619 1383 1676 1425 vo·

124 1455 207 1538 plex
231 1467 354 1516 tantum
381 1454 569 1516 consulatus
598 1455 767 1539 proditur,
808 1474 873 1536 quo
932 1455 1080 1518 cantibus
1107 1456 1251 1522 haec‚¹de
1280 1457 1347 1518 illis
1377 1459 1427 1539 s):
1470 1484 1514 1543 τῳ
1532 1455 1568 1522 ds
1594 1484 1681 1544 accip

128 1553 187 1630 lit,
211 1566 246 1616 ut
269 1551 418 1618 dubitare
443 1553 497 1618 hic
515 1575 645 1640 quoque
669 1554 711 1616 de
736 1553 874 1644 veritate
931 1553 1005 1618 dura
1021 1551 1145 1637 dispari
1174 1559 1357 1636 προσθεντες
1389 1555 1677 1624 ΑΦΡΙΚΑΝΟΝ

115 1654 229 1738 liujus
252 1641 432 1718 testimonii
455 1655 569 1732 licent,
592 1657 678 1718 utin
697 1654 876 1740 praemissa
929 1657 1080 1720 ε’καλεσαι
1107 1650 1185 1716 Am·
1205 1655 1428 1736 ΕΑΤΤΩΝ,
1452 1667 1583 1746 proprio
1602 1687 1676 1730 cero

129 1757 414 1821 animaduersione
439 1757 562 1818 monui.
597 1758 717 1819 Filium
748 1770 875 1820 mature
911 1763 1675 1842 uaJaaoomtntAFnchtvlnomenantead-
1795 1827 1799 1844 ,

129 1860 302 1923 consulatu
319 1873 469 1922 ornatum
486 1858 575 1922 idem
591 1872 727 1922 testatur
741 1855 784 1939 l2).

812 2033 815 2042 ,
934 1961 1031 2042 tellao
1046 1961 1188 2044 alienum
1205 1961 1342 2024 inditum
1359 1979 1408 2026 est
1421 1965 1461 2027 ab
1478 1966 1577 2028 Afris.

998 2055 1217 2127 ΣΕΜΝΟΣ.
1249 2064 1285 2124 In
1312 2065 1418 2125 nuruis
1449 2067 1680 2131 Alexandrinis

935 2165 1077 2248 legitur:
1104 2165 1144 2226 Α.
1170 2161 1213 2226 Κ.
1230 2160 1283 2227 Μ.
1312 2161 1679 2232 AN.1'0PA1ANOC.

196 2269 366 2330 Antonius.
402 2264 463 2327 Gui
491 2285 556 2328 non
581 2263 785 2329 stomachum
810 2284 880 2328 mo·
937 2257 1174 2328 CGM.A(l)P.
1195 2258 1376 2332 smel-313.
1394 2269 1681 2348 (Mus.Caes.Pel·
1758 2335 1762 2342 ,

134 2381 211 2430 reat
230 2365 386 2451 denique,
412 2367 510 2429 toties
535 2381 632 2450 atque
649 2366 689 2428 nd
711 2365 879 2429 festidium
938 2366 1023 2429 lerin
1041 2366 1120 2428 Mel.
1142 2367 1167 2426 Ι.
1186 2386 1217 2448 p.
1231 2367 1319 2442 aas.)
1339 2367 1405 2429 Pro
1423 2365 1532 2430 ΟΕΜ.
1550 2390 1616 2432 non
1634 2371 1683 2431 in·

412 2083 601 2144 Nomina.

934 1867 1053 1924 didere.
1074 1861 1165 1942 Ergo
1178 1880 1296 1922 nomen
1312 1862 1400 1924 istud
1414 1865 1607 1928 aGordiano
1623 1887 1679 1930 an·
1794 1919 1796 1930 ,

134 2468 322 2551 disputans,
345 2483 379 2531 et
403 2468 573 2552 ambigens
592 2467 810 2550 Capitolinus,
832 2466 882 2530 iu·

134 2569 265 2632 crintue
281 2567 438 2630 Gordiani
461 2568 540 2630 dicti
553 2573 713 2632 Aratonim'
722 2611 731 2646 ,
753 2591 794 2632 an
813 2575 880 2632 An·

135 2671 246 2733 lonii?
275 2670 315 2751 c).
348 2669 382 2730 Si
399 2691 460 2752 pro
483 2667 632 2732 futilibus
650 2671 717 2733 suis
742 2670 882 2734 auctori·

138 2773 199 2834 bus
228 2769 449 2834 consuluisset
476 2785 659 2848 marmore,
698 2791 735 2835 cc
765 2791 881 2834 numos

135 2873 283 2938 Graecos
305 2871 462 2937 Gordiani
482 2871 555 2950 lll.,
584 2873 617 2952 in
642 2871 765 2958 quibus,
783 2873 882 2956 plene

134 2975 294 3038 scribitur
311 2972 557 3050 ANTONIYS,
579 2971 677 3038 facile
697 2973 812 3036 suisset
829 2991 883 3040 te·

938 2467 1074 2530 tellecto
1091 2467 1262 2554 antiquarii
1273 2469 1420 2552 priores,
1444 2489 1525 2554 quos
1544 2471 1631 2536 inter
1647 2485 1683 2538 et
1771 2549 1775 2556 ι

941 2567 1152 2652 Vaillantiua,
1183 2566 1337 2650 legerunt
1357 2568 1469 2647 cett,
1492 2585 1527 2634 ut
1546 2573 1629 2637 adeo
1647 2574 1680 2637 in

940 2668 1054 2732 eadem
1074 2667 1288 2752 inscriptione
1310 2671 1432 2756 duplex
1455 2687 1543 2737 esset
1569 2673 1681 2750 CER„

940 2767 1028 2854 quod
1045 2767 1221 2832 absurdum
1238 2785 1273 2832 ut
1290 2771 1450 2834 evitarent
1468 2777 1542 2849 alii,
1566 2797 1607 2837 ex
1625 2797 1683 2860 po·

940 2869 1071 2932 arenis
1090 2872 1227 2934 vocibus
1246 2869 1314 2935 ΕΤ.
1333 2870 1426 2938 CGB.
1441 2897 1537 2937 unam
1556 2875 1682 2951 fecere,

940 2991 1060 3054 nempe
1079 2967 1278 3048 succum,
1304 2978 1388 3037 Pius.
1413 2979 1453 3038 At
1468 2977 1553 3038 onim
1566 2977 1683 3039 literae

136 3096 212 3138 rum
235 3075 397 3160 reperire.
419 3075 577 3138 Fueritne
595 3088 800 3140 exueterum
819 3075 884 3136 An·
941 3069 1053 3138 CGM.
1081 3088 1155 3136 sunt
1179 3072 1348 3158 ’ἀρχαιισαι
1381 3063 1531 3139 'vocabuli
1561 3093 1684 3160 caprea,
1712 3063 1714 3066 ⁵

136 3177 301 3240 toniorum
320 3177 489 3260 prosapia,
514 3176 632 3239 iterum
651 3176 729 3240 alibi
742 3175 885 3260 suspice·
942 3175 1030 3260 quod
1063 3165 1200 3262 Grpecis
1231 3189 1281 3238 est
1313 3181 1523 3254 venerabilia,
1553 3179 1684 3262 qualem

129 3261 192 3338 lor
208 3275 256 3358 d),
280 3290 312 3340 at
331 3278 384 3340 uis
400 3277 540 3361 cuipiam
562 3277 772 3362 persuaserit,
940 3275 1043 3338 fuisse
1054 3275 1254 3342 Gordianum
1270 3277 1433 3342 seniorem
1451 3277 1548 3341 docet
1558 3281 1684 3363 Capito·
1754 3343 1761 3350 ,

200 3381 387 3459 Africanus.
427 3379 483 3442 Ait
509 3379 724 3464 Vsillantius,
762 3397 883 3440 nomen
940 3373 1091 3457 linush'J:
1114 3383 1279 3442 Hiceoim
1300 3383 1369 3442 vita
1391 3378 1588 3442 uenerabilis
1614 3401 1688 3444 cuns

138 3480 287 3544 Africani
308 3479 482 3542 Gordianis
502 3499 705 3564 nequaquam
734 3479 884 3554 inditum,
940 3481 1077 3541 Platone
1092 3500 1225 3558 semper,
1247 3492 1319 3544 cum
1332 3483 1515 3554 Aristotele,
1534 3487 1688 3546 cuntTnl·

112 3581 231 3670 ‘quod
248 3597 343 3667 pater
358 3581 489 3644 Africae
505 3595 693 3665 praeesset,
717 3578 774 3641 sed
797 3578 886 3663 quod
942 3583 1003 3655 lio,
1034 3599 1106 3642 cum
1131 3583 1289 3660 Virps'ls'o,
1325 3583 1502 3662 ceterisque
1530 3585 1688 3646 veteribus

137 3685 304 3768 originem
324 3704 342 3745 s
362 3683 517 3766 Scipione
532 3679 688 3744 Africano
710 3700 746 3744 se
762 3679 886 3742 hebere
942 3701 1044 3761 opens
1067 3683 1189 3754 als'um,
1217 3701 1313 3764 qnam
1342 3683 1536 3755 merebatur,
1566 3685 1689 3745 coitum

138 3786 237 3849 ambo
261 3784 483 3867 gloriarentur
508 3785 549 3862 e).
576 3783 757 3860 Miremur,
780 3780 886 3845 uirum
940 3791 1127 3863 puamseat.
1151 3783 1224 3842 Non
1237 3779 1346 3864 inique
1356 3795 1468 3842 censet
1479 3781 1688 3858 Pellerinius,

138 3885 308 3948 eruditum
329 3885 412 3949 hanc
431 3883 624 3948 sententiam
648 3896 800 3968 tanquam
819 3901 889 3945 cer-
944 3900 1064 3944 numos
1088 3881 1343 3956 Alexandrinos,
1366 3879 1400 3940 in
1423 3881 1540 3964 quibus
1564 3883 1687 3947 dictum

137 3999 208 4048 tem
233 3985 342 4071 sequi,
366 4007 440 4050 cum
470 4001 579 4050 tamen
603 3983 824 4070 Capitolinus,
847 4001 889 4044 ex
946 3978 1058 4046 ceM.
1085 3980 1226 4068 legitur,
1255 3999 1328 4046 esse
1353 3979 1511 4044 Gordiani
1537 3983 1687 4061 senioris,
1803 4022 1805 4026 ·

140 4107 209 4173 quo
231 4103 304 4150 eam
322 4088 487 4172 excerpsit
507 4085 658 4168 s),‚nihil
676 4081 815 4161 decidat,
831 4083 890 4146 sed
946 4103 1065 4167 nempe
1084 4083 1138 4147 cui
1161 4081 1249 4148 istud
1271 4081 1415 4166 elogium
1434 4084 1637 4166 perseniam
1654 4099 1690 4150 et

139 4189 249 4255 sarias
271 4202 395 4253 tantum
421 4190 588 4252 variorum
616 4186 787 4270 opiniones
813 4205 891 4270 pro·
947 4186 1141 4268 gravitatem
1160 4204 1288 4248 morum
1303 4183 1500 4259 accesserit,
1523 4183 1687 4269 inquibus

140 4305 263 4374 ponat,
291 4290 363 4376 ipse
392 4309 473 4356 vero
494 4289 622 4352 diserte
647 4287 727 4351 alibi
749 4286 888 4361 adserat,
947 4287 1120 4362 omittitur,
1144 4283 1375 4369 essejuuioris.
1400 4283 1688 4380 suuuosorism

182 4527 214 4600 s)
234 4523 309 4600 Cap.
327 4531 358 4586 4.
430 4521 466 4594 b)
486 4520 560 4598 Cap.
581 4529 657 4584 18..
700 4522 730 4592 c)
749 4517 781 4578 in
799 4516 931 4584 Macrino
950 4535 975 4580 c.
993 4513 1253 4582 ³..inGurdtsnts
1270 4532 1296 4574 o.
1313 4521 1342 4578 4.
1356 4523 1383 4580 5·
1400 4527 1444 4584 17.
1497 4515 1689 4596 d)Csp.17‚

144 4618 178 4686 e)
193 4613 286 4672 Num.
306 4614 416 4691 praest.
437 4613 471 4672 T.
491 4611 513 4675 1.
534 4631 564 4690 p.
585 4617 646 4678 155}
664 4607 738 4671 edit.
757 4609 844 4669 Rom.
934 4605 1011 4684 Oia
1029 4603 1173 4669 Gordian.
1193 4625 1218 4667 c.
1236 4619 1263 4682 9·
1284 4617 1328 4672 17.
1419 4607 1453 4684 g)
1472 4607 1504 4668 in
1521 4607 1689 4672 Maximino.

138 4703 176 4777 h)
196 4703 229 4764 iu
245 4702 394 4768 Gordian.
417 4720 445 4764 c.
462 4715 489 4769 7.
