4186 5492
765 419 1056 532 ORBIANA.
1429 549 1468 577 ἱ,
1600 475 1671 546 aaa

268 638 392 702 SALD.
446 637 619 704 BARBIA.
665 636 870 706 ORBIANA.
929 639 1058 708 IVLIA.
1073 637 1270 702 MAIIIAEA.
1294 637 1392 706 AVG
1416 639 1524 705 ster.
1538 641 1675 708 thv-

267 740 368 807 AVG.
391 743 499 820 Hujus
520 749 627 820 eaput.
932 743 1012 806 STI.
1046 745 1146 822 Caput
1164 745 1341 804 Mamaeae.
1370 743 1438 804 Ae.
1470 762 1553 807 max.
1585 740 1673 846 mod.

121 833 631 911 lmP.sssv.A1.ExANDER.
652 841 905 928 AVGCrtrut
931 846 1031 926 (Mus.
1048 841 1176 928 Theup.
1197 865 1227 924 p.
1248 835 1380 920 tor.)

121 945 310 1008 Alexandri
332 947 522 1008 laureatum.
547 944 647 1039 Quin.
957 943 1067 1008 Hoc
1091 943 1251 1006 numisma
1276 943 1303 1004 si
1321 942 1517 1026 genuinum,
1541 965 1603 1030 qua
1622 961 1673 1010 su·
1692 961 1696 968 '

191 1046 290 1110 Hune
308 1066 493 1130 quinarium
511 1045 666 1108 Khellius
693 1064 735 1110 ex
760 1065 874 1110 museo
933 1045 1080 1130 spicione
1113 1066 1210 1130 saepe
1237 1043 1386 1107 laborant
1421 1047 1511 1108 numi
1541 1049 1698 1112 maximi

124 1145 260 1209 comitis
290 1147 416 1211 Ariosti
449 1145 574 1224 edidit,
606 1166 747 1232 eumque
781 1165 876 1230 prue-
932 1147 1075 1222 moduli,
1098 1147 1374 1222 controversiam,
1399 1148 1491 1230 cujas
1507 1169 1590 1212 uxor
1604 1149 1676 1212 fue·

125 1246 363 1311 stantissimunr
394 1247 625 1314 numismation
653 1266 803 1332 gemmae
828 1247 875 1309 fa·
931 1249 975 1311 rit
992 1246 1153 1328 Orbidua,
1171 1250 1273 1334 plene
1295 1249 1429 1312 dirimit.

124 1349 195 1413 ciIe
216 1371 336 1434 suppar
359 1349 535 1432 appellavit
560 1351 600 1430 ⁸).
628 1349 751 1412 Probat
774 1347 872 1421 euim,
1214 1394 1235 1434 4
1296 1349 1315 1387 ⁴⁵
1378 1394 1398 1434 4

123 1451 308 1514 Orbiauam
334 1449 521 1514 Alexandro
544 1450 646 1514 luisse
666 1450 873 1514 matrimonio
1077 1452 1198 1514 SALL.
1245 1450 1416 1514 BARBIA.
1470 1451 1675 1518 ORBIANA.

123 1555 293 1638 junctam,
323 1571 398 1616 cum
420 1551 527 1616 adhuc
549 1552 681 1616 saeculo
702 1552 874 1638 superiore
1077 1553 1174 1632 AVG.
1198 1553 1303 1630 Hujus
1322 1564 1428 1632 caput.

126 1655 344 1732 crederetur,
373 1651 475 1716 fuisse
503 1671 583 1716 eam·
602 1653 699 1718 Decii
723 1674 872 1720 uxorem.
933 1653 1201 1722 CONCORDIA.
1225 1653 1357 1728 AVGG.
1385 1659 1501 1720 Mulier
1518 1661 1629 1720 sedena
1644 1662 1677 1721 d.

125 1757 205 1822 IIoc
222 1769 259 1820 ut
282 1756 421 1818 multum
443 1751 485 1816 ad
505 1753 676 1818 historiam
699 1755 875 1840 imperoto-
927 1757 1677 1844 pateranr,r.comacopiaa.AV.(IIus.Thcup.)

127 1880 204 1924 rum
236 1859 342 1934 valet,
378 1858 423 1918 ita
460 1873 598 1932 vereor,
633 1871 669 1920 ut
708 1846 888 1941 quinariur
932 1861 1003 1924 AR.
1026 1861 1129 1942 (Idus.
1151 1857 1259 1939 Caes.)

128 1979 287 2047 pracsms
315 1977 387 2020 eum
421 1957 532 2020 lucem
560 1959 662 2042 possit
697 1972 875 2042 praestare.
1085 1963 1208 2023 Eadem
1228 1965 1375 2024 adverae.

131 2065 216 2128 Nam
249 2059 378 2147 pridem
405 2055 539 2120 dubium
568 2057 650 2122 mihi
683 2051 785 2124 movit
810 2061 878 2144 epi·
935 2061 1202 2141 CONCORDIA.
1228 2061 1547 2132 AVGVSTORVM.
1581 2066 1614 2128 S.
1641 2066 1679 2138 C,

131 2163 257 2250 graphe
295 2159 410 2244 capitis
441 2160 621 2226 Alexandri
661 2163 750 2224 [ΜΡ.
782 2162 877 2228 SEV.
935 2167 1023 2226 Idem
1041 2174 1143 2244 types.
1172 2161 1208 2223 In
1223 2161 1314 2224 aliis:
1336 2166 1523 2226 Alexander
1539 2175 1573 2226 et
1589 2167 1699 2254 Orbi-y

130 2261 413 2330 ALEXANDER.
450 2259 570 2340 Avo„
606 2281 688 2348 quae
725 2261 876 2426 quideml,
936 2265 1677 2344 anartaatmjrn'pantdecrerat.AE.I.11.

130 2382 167 2430 nt
189 2363 348 2438 vidimus,
378 2363 521 2426 valuit
507 2383 545 2424 tn
577 2368 685 2428 nuruis
710 2364 865 2428 aeneisl
869 2368 1037 2448 .(Mus.
1056 2364 1164 2446 Caes.)

131 2483 166 2532 et
197 2469 239 2530 lt
267 2467 414 2538 formae,
444 2465 479 2528 in
508 2465 650 2529 denariis
689 2463 814 2540 aureis,
845 2479 878 2526 et
999 2469 1066 2530 Iam
1078 2464 1219 2529 advertit
1239 2463 1474 2548 spanhemius,
1497 2465 1530 2528 in
1551 2465 1603 2530 his
1620 2489 1681 2530 un·
1731 2543 1736 2550 .

135 2568 303 2653 argenteis
334 2587 516 2650 uunquam,
545 2568 579 2628 in
608 2565 726 2652 quibus
747 2585 879 2648 semper
936 2568 997 2633 ruis
1019 2567 1122 2652 magis
1147 2567 1285 2650 integris
1314 2568 1411 2630 etiam
1437 2587 1479 2630 ex
1509 2569 1599 2631 tenui
1631 2570 1679 2652 pi-

132 2669 258 2753 Iegitnr
283 2670 481 2732 contractius
504 2668 724 2731 ALEXAND.
757 2668 793 2732 Si
814 2669 877 2730 hoo
934 2682 1028 2732 ctura
1056 2667 1133 2742 eatis
1170 2668 1335 2754 perspici,
1373 2661 1605 2753 imporatorem
1644 2671 1680 2731 in

133 2769 334 2856 compendio
355 2768 407 2831 usi
429 2783 504 2832 eunt
519 2769 693 2832 monetarii
714 2769 748 2832 in
770 2769 877 2832 numia
903 2839 913 2854 .
934 2783 1027 2853 parte
1043 2789 1155 2832 aversa
1165 2782 1301 2832 stantem
1313 2772 1404 2832 nullo
1414 2784 1510 2855 pacto
1527 2772 1678 2843 Decium,

51 2877 60 2888 '
132 2875 264 2938 formae
291 2869 494 2946 ordinariae,
524 2885 559 2935 et
589 2871 740 2954 majoris,
773 2873 877 2935 multo
935 2883 971 2931 at
990 2869 1213 2934 Alexandrum
1233 2871 1332 2935 facile
1359 2871 1488 2936 referre
1511 2873 1540 2952 ο)
1551 2884 1572 2950 ,·
1589 2871 1679 2956 quod

131 2973 238 3057 magis
266 2971 318 3034 usi
336 2974 494 3036 essentia
512 2973 670 3058 quinario·
706 2973 879 3057 Vnitopo·
936 2972 1058 3058 etipse
1077 2971 1207 3035 inmeis
1225 2972 1408 3036 observavi.

131 3091 204 3140 stes
221 3094 297 3138 cum
315 3093 396 3157 gana
413 3075 570 3137 Caesarea
593 3093 708 3138 museo
723 3073 880 3136 Arrortra
1214 3115 1235 3158 ,
1298 3073 1317 3112 *
1380 3117 1399 3158 ,

132 3198 180 3240 nc
195 3191 316 3239 numus
343 3174 397 3241 bio
422 3196 441 3236 a
464 3193 518 3238 me
539 3175 667 3240 solicite
691 3176 879 3260 exploratus
1079 3179 1202 3240 eadem
1215 3181 1363 3240 adversa.

133 3277 234 3342 etIam
263 3297 324 3360 per
346 3276 517 3340 literarum
542 3274 682 3339 formum
709 3290 879 3361 suspectus
937 3243 1719 3354 1ttlttettv.t.vlortt1tt.terraerraaaimt⁴

134 3379 225 3442 risus
251 3393 321 3453 est,
344 3391 379 3440 ut
407 3377 490 3440 odeo
509 3377 549 3440 ad
572 3377 754 3440 faciendam
780 3377 890 3440 histo·
941 3382 1168 3456 Victoriolam,
1191 3385 1374 3457 chaum,
1393 3383 1599 3460 propediem
1618 3383 1682 3466 ely·

132 3483 204 3543 riae
218 3479 318 3544 fidem
346 3479 416 3564 ejus
441 3498 572 3564 quoque
597 3477 816 3541 testimoninm
838 3477 881 3540 sit
932 3500 1023 3560 pens.
1046 3481 1116 3542 AR.
1139 3481 1239 3561 (Mus.
1253 3483 1362 3561 Caes.)

134 3596 336 3666 suspectum.
367 3583 522 3644 Ceterum
547 3579 711 3642 exstitisse
738 3579 880 3640 similem
1001 3581 1134 3664 Ignotus
1164 3581 1227 3644 suit
1258 3581 1312 3644 hic
1340 3603 1477 3654 numus,
1507 3596 1680 3666 antequem

132 3685 235 3748 ulium
259 3682 292 3744 iu
317 3704 431 3746 museo
458 3680 632 3745 cardinalis
655 3683 881 3764 Booneompa·
937 3700 1017 3744 eum
1030 3679 1214 3764 vulgassem
1231 3681 1264 3742 in
1280 3702 1351 3743 mea
1372 3684 1508 3765 Sylloge
1522 3685 1546 3746 1.
1565 3705 1595 3765 p.
1612 3692 1679 3757 roa.

133 3788 209 3872 gui,
240 3781 432 3848 Gotifredus
465 3781 551 3867 apud
576 3779 808 3866 Spanhemium
833 3794 882 3843 te·
1105 3867 1108 3874 .
1219 3826 1237 3860 ι
1302 3782 1320 3822 *
1392 3829 1411 3866 0

133 3903 258 3964 untur,
280 3887 314 3948 iu
335 3885 427 3966 cujus
453 3907 516 3947 una
533 3881 708 3968 superlicio
725 3895 811 3946 esset
830 3903 881 3946 cua
1009 3917 1012 3922 ,
1099 3888 1222 3948 eadem
1239 3891 1389 3950 aduersa.
1665 3951 1669 3960 ,

131 4004 193 4076 put
211 3987 409 4064 Alexandri,
433 3987 536 4050 altera
557 3985 723 4050 Orbiauae
739 3979 782 4064 b).
938 3986 1171 4064 PVDICITIA.
1188 3989 1288 4056 AVG.
1312 3991 1560 4082 Malieraedem
1581 3992 1612 4052 d.
1624 3991 1681 4072 sa·

420 4129 440 4170 .
503 4087 522 4125 ⁴*
586 4129 605 4168 „
768 4125 771 4132 »
937 4091 1019 4151 ciem
1036 4092 1140 4166 velat,
1166 4112 1193 4152 a.
1209 4093 1344 4152 tortam.
1366 4089 1437 4151 AR.
1458 4091 1588 4172 (Vaill.)

158 4213 161 4217 ·
277 4190 472 4256 IMRSEV.
487 4187 880 4253 ALEXANDERAVG.
1102 4195 1224 4260 Elidem
1241 4197 1386 4255 adverae.

277 4288 878 4358 SAL.BARBIA.0RBIANA.AVG.
935 4291 1202 4361 'remoavit
1224 4291 1464 4362 FELICI'I'AS.
1498 4296 1615 4358 Mulier
1631 4313 1680 4358 se·

279 4398 392 4475 Capita
406 4397 572 4490 utriusque
589 4399 736 4458 adnarra.
935 4397 1014 4458 dene
1024 4399 1107 4458 inter
1125 4405 1186 4458 tres
1197 4399 1342 4478 puellos,
1362 4413 1495 4480 qaorum
1515 4398 1612 4460 unias
1627 4415 1680 4458 ca·

1088 4500 1095 4514 ’
1405 4513 1416 4555 r

167 4709 200 4778 ι)
220 4699 373 4781 Subplom.
395 4697 434 4757 ad
450 4685 540 4760 'vatlt
561 4721 592 4778 p.
614 4705 676 4764 td?-
750 4698 784 4771 b)
803 4699 885 4758 Tum.
904 4699 938 4758 II.
960 4719 989 4774 p.
1010 4712 1071 4773 299
1146 4701 1176 4774 r)
1196 4699 1331 4760 Tornli.
1351 4721 1383 4780 p.
1402 4711 1463 4767 300.
