4224 5506
735 461 1089 596 connonva

1618 521 1687 613 ias

149 699 182 748 at
211 682 501 764 Buonarrotns¹),
532 703 614 769 quos
638 683 702 766 jam
738 687 893 754 refutavit
950 713 1070 755 nomen
1106 695 1292 781 conjungit,
1337 703 1478 788 scriptos
1526 672 1694 778 Laidis..

146 791 320 854 Bimardus
336 791 380 870 9).

210 889 379 974 Priueipio
397 907 489 950 usum
505 887 693 952 nominibus
710 891 747 952 L.
766 893 894 953 Aurelii

147 998 329 1068 Commodi,
360 991 456 1076 primi
482 990 553 1072 ejus
582 990 815 1054 numidooeut.
855 994 892 1054 lu

146 1099 217 1174 his,
242 1096 355 1159 saltem
373 1093 452 1156 mihi
480 1084 635 1178 cognitis,
659 1095 748 1155 Aelii
771 1114 891 1155 nomen

145 1223 213 1265 non
232 1199 380 1271 additur,
403 1193 515 1256 sedeo
533 1193 630 1256 etiam
649 1207 715 1256 tum
733 1194 798 1276 jam
812 1193 892 1256 fuis·

148 1322 186 1366 se
204 1299 406 1385 praeditum,
429 1295 526 1360 docet
542 1294 612 1377 ejus
623 1296 736 1357 aetatis
747 1317 890 1358 marmor

145 1402 396 1472 Gruterianum,
422 1400 456 1458 in
472 1419 536 1483 quo
552 1397 676 1480 legitur
691 1397 738 1476 ο);
760 1398 800 1458 L.
817 1398 889 1457 ΑΕ-

145 1481 237 1570 1'.10.
252 1485 460 1569 avarum.
477 1497 576 1564 uve.
595 1500 631 1559 v.
648 1499 888 1563 eouuouo.

145 1608 243 1674 COS.
265 1601 412 1667 Retinuit
429 1603 511 1663 haee
528 1599 658 1661 numina
674 1599 772 1662 etium
782 1601 890 1682 Augu·

145 1725 237 1784 stus,
266 1720 299 1768 et
325 1703 482 1785 leguntur
505 1700 610 1764 adhue
628 1702 667 1761 in'
682 1702 789 1764 numia
813 1701 889 1764 anni

145 1813 188 1879 V.
206 1797 242 1873 C.
264 1805 337 1890 933.
370 1803 437 1865 Sed
456 1804 520 1865 hoe
545 1801 678 1864 labente
703 1801 887 1885 repudiavit

145 1927 347 1997 praenomen
365 1909 483 1992 anii,
503 1916 632 1965 retento
651 1902 747 1965 etiam
760 1902 889 1966 nonnisi

144 2032 223 2074 raro
250 2011 284 2070 in
302 2007 410 2070 numia
437 2004 563 2068 Aurelii
584 2003 736 2077 nomina,
773 2005 889 2089 itiaque

145 2127 281 2198 paterna
294 2108 424 2171 nomina
450 2112 494 2169 M.
508 2111 667 2171 Antonini
681 2104 829 2180 suffecit,
855 2121 889 2168 et

131 2212 293 2300 ,perrexit
313 2209 365 2271 his
390 2208 438 2270 uti
461 2227 545 2270 auno
572 2208 677 2270 adhue
692 2208 732 2272 V.
751 2207 786 2267 C.
813 2209 889 2287 944.

145 2313 295 2378 Lubente
311 2309 376 2374 hoe
399 2323 548 2392 tempore
570 2307 670 2370 homo
697 2307 806 2370 varius
835 2327 888 2370 re·

145 2417 235 2500 cepit
271 2427 382 2479 vetera
412 2409 544 2474 nomina
575 2414 613 2472 1..
637 2413 729 2502 Aelii
759 2413 889 2473 Aurelii

146 2519 268 2582 omisso
293 2517 390 2578 etiam
405 2517 582 2588 Antonini,
604 2511 709 2596 iisque
726 2509 888 2596 usquead

146 2619 269 2681 exitum
286 2619 371 2676 vitae
386 2629 436 2678 est
454 2635 530 2675 usus
548 2615 764 2696 egregieoum
780 2613 887 2674 numia

147 2717 354 2802 conspirante
365 2715 459 2777 titulo
473 2714 654 2788 literarum,
675 2733 770 2798 quem
778 2713 888 2797 proxi·

146 2841 201 2883 me
211 2841 250 2882 ex
260 2819 370 2879 Dione
381 2816 487 2880 citavi.
503 2815 584 2897 Ejus
597 2815 781 2878 variationis
792 2835 887 2877 eausa

145 2921 387 2992 suet-iteadem,
410 2938 492 3003 quae
507 2917 700 2980 totaliorum
717 2913 889 2980 Commodi

146 3021 266 3086 stolide
281 3022 452 3083 factorum.

209 3122 379 3189 LVCIVS.
401 3125 509 3206 Aquo
526 3139 726 3202 praenomen
745 3119 809 3181 hoo
825 3132 889 3180 tra·

147 3229 249 3301 uerit,
273 3247 339 3287 non
357 3224 534 3286 meminere
549 3235 688 3283 veteres.
711 3223 886 3282 Paternum

147 3343 237 3393 certe
252 3349 317 3391 uon
333 3327 404 3388 fuit.
427 3324 565 3392 Videtur
581 3323 631 3383 illi
659 3345 676 3384 a
694 3336 786 3404 patre
806 3321 888 3383 iudi-

145 3445 213 3492 tum
233 3430 266 3490 in
286 3427 397 3491 fratris
424 3423 567 3508 adoptivi
585 3423 713 3491 L.Veri
740 3425 885 3508 gratiam,

143 3555 163 3594 a
186 3553 252 3616 quo
270 3525 449 3592 verisimile
468 3539 517 3589 est
532 3541 564 3588 et
583 3531 742 3589 Commodi
754 3545 885 3601 nomen,

145 3635 185 3695 ab
203 3631 338 3694 Aurelia
359 3644 456 3713 gente
474 3641 583 3691 cetera
600 3627 761 3702 alienum,
783 3625 885 3688 fuisse

144 3735 294 3820 petitum.
326 3732 479 3804 Constat,
500 3729 669 3792 Aurelium
693 3749 776 3790 anno
791 3731 832 3794 V.
850 3729 885 3789 C.

143 3845 226 3912 uad,
250 3853 314 3917 quo
336 3831 472 3893 fratrem
489 3829 620 3915 imperii
643 3829 814 3911 conlegam
833 3829 887 3891 ad·

950 793 1050 858 AVR.
1074 797 1118 856 M.
1145 798 1382 868 condono.
1407 803 1438 886 d)
1468 808 1524 868 sed
1552 812 1592 874 de
1620 815 1690 896 ejus

950 890 1029 971 fids
1048 895 1172 961 dubitat
1204 899 1274 983 ipsa
1299 903 1423 980 editor,
1455 923 1488 970 ut
1505 910 1693 976 subdubitat

950 1015 1080 1080 quoque
1098 998 1254 1062 Matrinius
1271 1003 1308 1083 e).
1343 1007 1427 1074 Vide
1455 1011 1495 1073 de
1519 1011 1581 1076 ltoe
1597 1035 1692 1100 argu-

949 1111 1061 1160 mento
1082 1101 1237 1163 nonnulla
1255 1104 1317 1167 alia
1333 1107 1365 1169 in
1382 1113 1487 1173 uumis
1504 1115 1694 1193 (99199999-

946 1193 998 1275 jus
1017 1218 1147 1282 quoque
1163 1209 1372 1285 praenomina
1392 1214 1570 1279 variarunt.

1011 1301 1178 1366 AELIVS.
1202 1303 1273 1367 Hoc
1292 1307 1466 1374 illinomen
1486 1315 1561 1377 inde
1578 1317 1618 1380 ab
1628 1321 1693 1382 Ha·

946 1397 1060 1460 driano
1094 1423 1154 1484 per
1176 1407 1335 1488 repetitae
1367 1413 1549 1498 adoptionis
1579 1421 1689 1504 legem

948 1500 1096 1564 accessit.

1010 1601 1119 1668 Plvs.
1146 1605 1198 1666 De
1222 1627 1316 1672 eattsa
1340 1615 1451 1678 collati
1474 1618 1569 1701 hujus
1587 1623 1688 1707 elogii

947 1703 1001 1783 egi
1022 1701 1061 1764 ad
1081 1725 1198 1769 aunum
1217 1711 1256 1776 V.
1272 1713 1307 1774 C.
1326 1714 1406 1795 936,
1439 1739 1503 1802 quo
1524 1721 1606 1784 illud
1623 1727 1690 1808 pri·

946 1825 1033 1865 mum
1059 1804 1093 1866 iu
1119 1809 1227 1870 nuruis
1246 1813 1378 1896 legitur.
1409 1819 1502 1880 Pium
1520 1822 1583 1902 jam
1603 1847 1687 1890 anno

947 1906 1007 1988 939
1023 1909 1124 1974 luisse
1142 1911 1282 1985 dietum,
1319 1918 1428 1978 statuit
1445 1921 1687 1988 Mediobarbus.

946 2011 1019 2070 Non
1039 2011 1197 2096 impugno
1221 2016 1378 2077 maturius
1392 2019 1478 2082 istud
1497 2023 1665 2087 exordium
1677 2047 1687 2098 ς

946 2131 1018 2171 nam
1037 2125 1163 2193 poterat
1182 2113 1301 2176 vidisse
1319 2140 1433 2181 numos
1451 2121 1581 2203 ignotos
1597 2127 1686 2189 mihi.

945 2211 989 2270 At
1011 2211 1198 2289 umidam,
1223 2219 1278 2300 qui
1301 2218 1370 2296 ejus
1392 2220 1478 2282 tituli
1499 2226 1622 2287 natales
1644 2228 1686 2290 ad

944 2332 1062 2372 annum
1084 2315 1125 2380 Y.
1142 2316 1177 2376 C.
1197 2315 1259 2398 939
1272 2317 1378 2400 digit,
1415 2320 1480 2402 jam
1509 2323 1548 2385 ad
1584 2349 1686 2390 annos

944 2406 1030 2474 hunc
1047 2409 1283 2496 praecedentes
1300 2421 1471 2484 Commodi
1493 2427 1686 2508 nnmiamata
1728 2423 1731 2428 ¹

944 2513 1022 2576 citat
1043 2518 1101 2576 ΡΠ
1122 2537 1242 2578 nomen
1257 2519 1500 2600 praeferentia?
1523 2527 1686 2591 Statutum

945 2637 963 2675 a
985 2635 1037 2676 tue
1062 2617 1230 2680 exordium
1263 2621 1478 2704 comprobant
1499 2631 1588 2689 numi
1610 2633 1686 2694 nta-

946 2706 1115 2792 xnndriiti,
1151 2719 1185 2779 in
1207 2718 1324 2802 quibus
1342 2721 1455 2784 titulus
1480 2723 1685 2796 GTCCBHC

945 2838 1010 2878 nun
1031 2819 1153 2902 legitur
1169 2834 1242 2882 ante
1266 2843 1383 2883 aunum
1402 2823 1481 2901 ΚΔ,
1504 2827 1559 2913 qui
1575 2834 1686 2916 coepit

945 2918 978 2980 in
996 2919 1084 2980 l'hot
1105 2921 1145 2985 V.
1167 2921 1201 2982 C.
1221 2921 1292 3003 936.
1516 2977 1524 2986 .

1008 3020 1151 3084 FELIX.
1183 3025 1299 3085 Narrat
1325 3025 1532 3110 Lampridius
1557 3028 1594 3112 s),
1630 3033 1685 3096 da·

945 3133 1013 3184 tum
1044 3123 1131 3186 hurle
1166 3121 1295 3184 titulum
1322 3127 1521 3204 Commodo,
1558 3148 1686 3214 postea·

945 3243 1040 3306 quam
1080 3225 1257 3299 Perennis,
1297 3227 1352 3309 qui
1377 3227 1517 3291 inhiasse
1545 3231 1684 3316 imperio

945 3322 1157 3399 credebatur,
1189 3347 1263 3388 eum
1293 3327 1478 3392 familiaest
1497 3335 1684 3398 exstinctus.

944 3423 1017 3486 Hoc
1048 3427 1227 3508 Lampridii
1271 3429 1492 3494 testimonium
1524 3434 1686 3500 mendacii

944 3525 1051 3610 arguit
1070 3526 1319 3604 Tillemontius,
1360 3535 1511 3614 quoniam
1535 3537 1686 3601 Commo-

944 3625 1003 3686 dus
1023 3625 1087 3707 jam
1113 3627 1146 3687 iu
1170 3629 1278 3689 numia
1300 3631 1375 3690 anni
1392 3633 1432 3696 V.
1453 3635 1487 3694 C.
1504 3635 1564 3717 934
1592 3641 1686 3702 Felix

944 3725 1079 3801 dieitur,
1098 3727 1257 3788 Perennis
1267 3742 1372 3790 autem
1385 3732 1497 3794 saltem
1506 3737 1686 3821 quinquen·
1757 3783 1760 3790 ·

943 3825 999 3888 nio
1030 3826 1135 3888 serius
1166 3847 1279 3890 caesus
1308 3829 1405 3908 aits).
1444 3833 1626 3918 atquibus
1652 3841 1687 3902 in

147 3934 262 4010 seivit,
284 3933 437 4017 halapre
456 3946 567 3996 vetere
582 3933 620 3994 L.
638 3931 810 3993 Commodi
829 3951 887 3992 no·
926 3926 1071 3990 nuntia?
1092 3927 1307 4004 Medioharbi,
1331 3950 1413 4013 quoa
1426 3929 1496 4015 ipse
1515 3941 1685 4010 testeaad-

144 4037 233 4100 ruine
258 4033 414 4098 indidisse
436 4053 555 4098 nomen
579 4031 721 4098 LVeri.
751 4033 887 4096 Placue·
945 4042 1047 4092 vocat.
1069 4031 1193 4096 Verum
1215 4051 1413 4115 magnopere
1434 4056 1451 4095 a
1469 4036 1684 4101 Mediobarbo

143 4139 188 4200 rit
202 4137 305 4222 igitur
324 4135 510 4217 ademptum
523 4137 561 4197 L.
578 4131 750 4198 Commodi
764 4153 886 4195 nomen
944 4131 1108 4193 diversum
1129 4129 1248 4216 docent
1268 4133 1358 4193 numi
1380 4151 1445 4194 uon
1467 4135 1601 4220 ignave,
1620 4140 1683 4202 aad

143 4239 361 4313 resuscitare,
383 4237 467 4299 illud
489 4237 523 4299 in
543 4235 648 4299 filium
665 4235 789 4317 aliquot
811 4247 887 4317 post
933 4246 1083 4306 maturo,
1110 4246 1145 4294 ut
1168 4234 1322 4314 oportuit,
1345 4235 1493 4298 examine
1516 4237 1683 4323 descripti,

143 4358 275 4402 meuses
283 4353 394 4401 uatum
404 4337 641 4402 transferendo.
663 4335 888 4401 Exhihetlllu·
944 4344 1041 4414 atqua
1055 4331 1311 4395 hiCommodum
1325 4335 1685 4404 nunniailabenteauuo

140 4442 287 4504 raterius
310 4461 471 4517 marmor,
499 4441 588 4526 quod
604 4454 778 4525 utrumque
794 4455 887 4522 prae-
943 4433 1019 4498 V·C
1039 4432 1111 4515 938.
1134 4437 1270 4495 Felicem
1279 4435 1420 4540 denique
1439 4438 1588 4501 salutant.
1611 4441 1684 4506 Stet

196 4655 225 4728 a)
246 4652 399 4714 Osservaz.
418 4675 450 4732 p.
465 4661 531 4719 'to3.
578 4659 581 4666 '
612 4653 648 4728 b)
675 4653 707 4712 in
725 4652 819 4731 Epist.
835 4650 874 4708 ad
889 4649 995 4709 Mall'ei.
1013 4615 1060 4727 ap.
1074 4650 1181 4710 Mutat.
1195 4650 1279 4711 Turn.
1297 4649 1319 4712 l
1335 4671 1402 4728 pag.
1420 4662 1484 4712 122.
1553 4657 1595 4729 ὀ)
1615 4657 1682 4733 l’ag.

145 4749 208 4814 261.
227 4759 254 4812 7.
329 4744 364 4820 d)
384 4746 452 4822 Pag.
474 4753 539 4810 att.
558 4754 584 4809 ⁵.
641 4747 672 4819 e)
690 4747 768 4812 Frat.
789 4762 850 4803 arv·
865 4763 898 4820 p.
915 4751 976 4806 355.
1032 4743 1056 4813 l)
1075 4739 1149 4840 Cap.
1169 4748 1197 4802 8.
1251 4743 1283 4820 g)
1302 4742 1504 4802 mCommodo
1519 4763 1550 4820 p.
1561 4763 1600 4804 m.
1620 4751 1682 4812 707.
