4224 5506
619 448 887 550 ,renutu
926 451 1241 535 uramus·
1350 567 1355 576 ⁸

157 622 446 708 senatusconsulto
464 637 718 706 deconlerendo
730 617 903 704 urenian-

156 759 269 830 gastae
287 745 384 808 titulo
398 723 603 820 intercessit,
624 741 669 806 ita
684 743 903 828 nequeherc-

156 869 211 912 rea
227 847 426 912 monetarias
445 843 592 910 indulsit,

225 1077 231 1084 ⁴
293 1088 397 1150 dumi
414 1088 580 1148 commotis
597 1065 774 1164 perecrini.⁴
793 1143 814 1180 .·

218 1255 271 1317 Ex
287 1255 418 1316 urbibus
439 1255 568 1329 liberis,
590 1249 619 1314 si
635 1249 903 1314 Thessalonicam

159 1355 287 1430 demas,
326 1352 419 1436 cujus
446 1373 581 1416 numum
612 1372 653 1415 ex
683 1372 798 1415 museo
819 1350 904 1414 Pfau

159 1455 237 1519 citat
251 1456 454 1530 Gennesar,
476 1477 546 1516 una
561 1454 719 1536 Mytilene
735 1453 837 1516 Lesbi
857 1453 905 1514 in·

157 1556 248 1618 aulae
265 1555 344 1618 urbs
359 1557 462 1632 alara,
486 1554 574 1640 quod
591 1555 749 1621 haetenus
765 1568 904 1632 constet,

159 1656 322 1720 Titianam
340 1655 447 1720 numi‘s
463 1657 612 1723 inseruit.
633 1661 761 1722 Eccos:

300 1754 515 1822 TITIANH.
544 1755 764 1824 CEBACTH.
795 1763 904 1838 farfae

300 1870 407 1940 caput.
465 1920 470 1928 .

159 1953 530 2024 ΜΤΤΙΛΗΝΑΙΩΝ.
552 1965 905 2046 Pertinuaeequeapact'-

155 2067 299 2145 ficator-ie
308 2065 432 2126 liabitas,
447 2065 516 2126 ΑΕ.
528 2066 552 2126 1.
565 2065 697 2146 (Haym.
706 2068 745 2128 Τ.
754 2065 820 2147 tp.
830 2065 902 2139 uhu.

159 2163 236 2228 edis.
257 2163 401 2232 Vindob.
420 2167 505 2226 Mus.
521 2164 629 2246 Caes.)

222 2267 258 2326 ln
270 2266 322 2328 his
338 2265 514 2346 Mytilenas
530 2267 657 2345 nantis,
682 2282 778 2352 atque
793 2267 902 2346 etiam,

159 2387 241 2451 qnos
263 2387 342 2444 φοι
362 2365 560 2452 producam,
592 2369 822 2432 Alexandrinis
845 2371 904 2432 mi-

112 2481 115 2486 “
159 2491 231 2532 rum
247 2467 354 2530 rideri
369 2481 500 2552 potest,
523 2465 684 2531 Titianam
708 2469 773 2533 dici
793 2475 904 2552 Aaou·

1631 483 1721 586 ιιι,

960 642 1002 707 ati
1023 665 1107 709 uxor
1128 655 1232 719 esset,
1254 641 1451 728 propediem
1468 635 1630 732 Augustae
1648 650 1722 713 hor
1804 655 1807 665 ’

958 765 1040 808 nore
1058 759 1206 810 ornatum
1230 744 1289 823 iri,
1312 760 1365 810 aut
1381 768 1502 823 numos
1514 751 1707 834 saussigna—
1725 781 1731 787 ·

913 883 915 888 ,
959 867 1039 911 vene
1074 866 1152 910 mox
1184 846 1301 922 audito
1329 851 1611 914 senatusconsulto
1631 866 1707 938 ,pet

960 959 1133 1031 antequam
1169 946 1252 1010 illud
1304 969 1321 1010 a
1356 950 1530 1014 Pertinace
1575 937 1726 1016 irritum'

961 1063 1136 1114 constaret.
1166 1051 1273 1134 Atque
1291 1049 1375 1126 hae,
1397 1064 1453 1114 aut
1471 1051 1569 1113 simili
1577 1052 1707 1116 ratione

961 1150 1158 1237 corrigenda
1174 1165 1249 1212 suut
1270 1171 1369 1234 prava
1396 1152 1639 1236 provinciarum
1656 1156 1718 1238 ju·¹
1771 1169 1774 1176 '

960 1253 1066 1328 dicia,
1088 1273 1161 1316 cum
1188 1250 1277 1314 aliud
1298 1273 1315 1314 a
1334 1265 1463 1316 moneta
1484 1259 1647 1334 Romans,
1671 1272 1705 1320 et

960 1353 1104 1417 unanimi
1120 1352 1352 1426 historicorum
1378 1371 1538 1418 consensu
1561 1377 1707 1440 pronun·
1745 1363 1750 1378 ⁸

962 1455 1065 1531 ciant,
1094 1451 1187 1537 cujus
1211 1455 1306 1537 plura
1331 1473 1392 1538 per
1413 1454 1477 1518 hoc
1498 1476 1579 1540 opus
1597 1477 1706 1519 exem·

960 1556 1016 1640 pla
1043 1553 1204 1630 vidimus,
1233 1567 1269 1618 ut
1285 1576 1358 1617 cum
1381 1576 1411 1620 r·
1432 1577 1464 1639 g.
1478 1556 1705 1624 Britannicum

868 1697 871 1706 ,
962 1657 1092 1722 Claudii
1113 1652 1239 1732 filium,
1268 1655 1325 1740 qui
1350 1647 1543 1720 Caesaream
1569 1659 1707 1743 dignita·

961 1773 1029 1822 tem
1052 1777 1217 1842 nunquam
1250 1757 1413 1834 excessit,
1444 1758 1479 1820 in
1509 1760 1616 1823 narnis
1645 1783 1707 1824 ano

961 1881 1097 1924 unarum
1113 1857 1249 1921 arbitrio
1266 1861 1446 1940 Auyustum
1464 1859 1595 1937 fecere,
1619 1875 1654 1924 ut
1671 1862 1706 1924 iu

960 1960 1057 2044 hujus
1079 1975 1209 2024 moneta
1233 1961 1382 2023 diximus.
1540 1959 1544 1972 '

1025 2067 1225 2128 colonarium
1244 2064 1335 2126 numi
1353 2063 1591 2127 desiderantur.

1023 2167 1265 2228 Alexandrinos
1286 2163 1381 2225 binos
1403 2164 1538 2228 edidere
1559 2163 1713 2250 Vaillauf

960 2267 1042 2343 tius,
1068 2269 1191 2350 ·(Num.
1214 2265 1346 2345 Graec.)
1370 2277 1404 2327 et
1425 2267 1622 2342 Motellius,
1655 2266 1705 2344 (in

962 2368 1121 2452 Speeim.)
1151 2367 1211 2428 hos
1241 2387 1371 2451 qnoque
1400 2385 1474 2429 euru
1505 2367 1601 2429 titulo
1636 2363 1705 2428 CS-

960 2465 1126 2535 BACTH.
1145 2469 1270 2530 -Alium
1298 2472 1430 2532 Marsae
1451 2469 1593 2553 Aegypti
1614 2467 1707 2531 urhis

161 2581 260 2646 stam,
293 2591 368 2634 eum
400 2584 528 2650 tamen,
571 2583 607 2632 ut
634 2570 792 2650 diximus,
825 2573 904 2636 huie
960 2556 1296 2655 nulgavitlllaffeius,
1318 2567 1705 2652 ineujusaversatMA·
1770 2633 1774 2640 ,
1830 2571 1838 2584 ’

161 2669 281 2734 honori
300 2694 318 2734 a
340 2685 455 2734 senatu
479 2669 622 2736 feminae
640 2672 775 2736 decreto
794 2675 902 2756 palam
961 2667 1230 2734 PEttTttNu.
1242 2670 1284 2733 Α.
1296 2675 1400 2735 Navis
1418 2693 1559 2752 seponto
1576 2676 1646 2738 uelo
1663 2674 1706 2755 ¹).
1801 2730 1802 2738 ,

160 2773 350 2836 adversatus
373 2772 421 2844 sit,
435 2771 600 2836 Pertinax.
632 2771 743 2867 Quare
771 2775 903 2856 provin·
962 2771 1029 2834 Sed
1050 2791 1125 2834 eum
1144 2772 1266 2836 diserte
1286 2772 1433 2856 spurium
1449 2785 1588 2840 testatur
1602 2773 1722 2858 judex*
1749 2793 1763 2812 ·

161 2875 260 2939 ciales
276 2887 333 2938 ant
354 2894 427 2936 eam
446 2874 624 2961 Augustam
642 2875 754 2937 fecere
771 2879 904 2954 προληπ-
961 2874 1069 2962 gravis
1085 2874 1338 2958 Barthelemyus'
1351 2869 1396 2956 ¹³).
1756 2873 1759 2880 ’

161 2995 269 3054 renue,
291 2995 366 3068 eum
377 2997 444 3042 non
460 2975 667 3055 dubitarent,
688 2996 772 3062 quae
794 2980 905 3064 Augu-

791 3297 1051 3362 rnrrrrm
1096 3256 1100 3269 ’

339 3513 341 3516 ·
364 3492 532 3552 Commotis
553 3492 691 3554 Romani
700 3511 712 3553 .·
761 3530 1359 3573 .............
1404 3491 1448 3558 Ο.

363 3591 531 3653 commatis
543 3595 704 3673 percqra‘m'
730 3593 927 3677 Mytilenen,
947 3611 981 3660 et
996 3591 1211 3698 Alexandrini
1241 3639 1250 3657 .
1298 3638 1307 3656 .
1349 3636 1358 3653 .
1400 3595 1503 3656 RRR.

644 3831 874 3944 'arurae
913 3879 1196 3945 recurvus.

220 4068 264 4132 Ei
289 4083 383 4152 pater
406 4071 581 4134 Petronius
607 4070 726 4139 Didius
749 4077 902 4157 Severus,
961 4098 1036 4140 rum
1058 4074 1212 4151 dissidio,
1234 4073 1323 4160 quod
1339 4072 1401 4138 hac
1417 4083 1610 4156 tempestate
1634 4071 1708 4156 ipse

158 4184 265 4248 mater
291 4173 386 4236 Clara
405 4173 544 4238 Aemilia
576 4171 658 4253 fuit,
690 4179 824 4242 'marus
849 4202 904 4264 pa·
960 4181 1085 4242 Romae
1122 4174 1224 4258 sirit,
1261 4176 1355 4264 aequi
1394 4175 1575 4252 malumus,
1611 4173 1707 4237 natu's
1787 4241 1789 4246 λ

156 4287 272 4336 ternus
289 4274 426 4338 Insuber
441 4273 697 4355 mediolanensis
712 4279 752 4360 ⁰).
781 4281 903 4344 Secnn·
960 4299 1011 4348 est
1039 4297 1180 4348 exeunte
1208 4277 1358 4346 Ianuario
1371 4272 1416 4346 V.
1430 4279 1465 4344 C.
1482 4275 1554 4340 886.
1592 4275 1707 4338 Rebus
1744 4358 1748 4366 1

159 4373 237 4439 dum
255 4375 373 4438 Dionis
396 4389 606 4462 eom-putum,
640 4401 738 4466 quem
762 4380 797 4444 in
823 4383 903 4448 alio·
961 4385 1115 4471 gerendis
1150 4402 1214 4470 per
1245 4375 1387 4447 aetatem
1413 4381 1561 4444 admotus
1589 4381 1705 4446 Marco

159 4557 1702 4598 ..ά-ΜΨ

213 4700 245 4773 ⁸)
264 4667 367 4778 ml..
387 4698 464 4761 Gali.
484 4721 516 4781 p.
531 4715 604 4804 ltu..
666 4673 702 4782 hl
722 4710 807 4770 Mem.
827 4711 859 4770 B.
874 4709 908 4770 L.
923 4710 1007 4772 Tum.
1021 4704 1128 4773 xxvl.
1146 4719 1208 4777 551.
1283 4709 1314 4785 s)
1332 4706 1480 4859 Sparti'ap's.
