4158 5496
387 465 460 556 ,aa
988 455 1349 535 nrncmrtvs.

387 649 424 714 in
446 643 599 716 miser-asa
628 643 821 712 servitutem
849 638 1017 711 ahstracti.
1057 643 1140 714 Vtut
1196 662 1328 710 recum
1348 637 1521 727 celticius
1538 639 1729 710 haheautur
1751 645 1859 720 numi,
1880 648 1943 711 etsi

392 751 474 824 erit,
498 747 648 813 collectis
670 751 834 813 exercitus
858 747 1027 834 reliquiis,
1049 743 1138 830 quod
1196 746 1361 830 supersint
1380 747 1507 830 copiosi
1526 743 1691 822 filiorum,
1714 767 1781 809 uon
1803 750 1940 814 obscure

389 871 488 936 snpra
509 851 646 914 modum
674 851 767 914 dives
793 865 898 926 esset,
920 869 958 912 ac
977 847 1028 910 rei
1052 849 1138 911 miii·
1195 850 1402 932 colligimus,
1418 849 1619 912 Macrianum
1634 863 1782 932 patrem,
1799 863 1871 912 utut
1882 852 1942 914 iru-

388 952 469 1014 taria
495 953 685 1054 cumprimis
712 973 851 1038 gnarus,
877 951 945 1014 etsi
966 969 1028 1034 per
1051 963 1137 1014 ueta·
1193 951 1323 1036 periura
1338 950 1577 1033 acceptaverit,
1599 949 1733 1012 idforte
1748 950 1940 1035 magiahlio·

391 1067 511 1116 ternae
530 1053 877 1136 morhoajamperum
894 1051 1024 1116 validus
1039 1072 1138 1136 agen·
1194 1074 1267 1116 rum
1286 1073 1381 1116 causa
1403 1049 1545 1125 fecisse,
1571 1065 1613 1112 et
1629 1071 1719 1134 quos
1737 1073 1756 1112 a
1778 1073 1814 1114 se
1829 1054 1940 1116 anteii-

346 1144 350 1153 ‘
385 1169 423 1218 ts
445 1155 569 1218 Balistu
599 1155 756 1220 adversus
779 1153 969 1217 Gathenuru
997 1154 1138 1238 impera·
1193 1167 1246 1217 tus
1257 1170 1317 1218 est
1328 1154 1477 1216 honores
1499 1151 1669 1235 publicae,
1700 1155 1776 1215 unis
1801 1155 1854 1215 his
1868 1176 1940 1239 per-

390 1269 445 1320 tor
475 1257 596 1319 dicitur
629 1256 706 1320 filiis
739 1256 908 1319 Macriano
944 1267 978 1317 et
1014 1255 1136 1350 Quieto
1194 1255 1332 1318 misisse.
1362 1257 1488 1317 Tamen
1506 1257 1942 1320 siuuustanturuexstatiu

388 1357 680 1444 conlegisadditis.
709 1357 821 1420 aetna
836 1357 868 1418 in
888 1355 1029 1440 Oriente
1050 1357 1137 1419 ordi·
1191 1356 1301 1418 nanta
1319 1356 1523 1432 Macrianus,
1547 1355 1688 1430 mirum,
1710 1376 1772 1418 eur
1788 1356 1846 1420 hie
1861 1379 1942 1422 uuus

337 1469 362 1490 ‘
387 1460 496 1535 uatis,
513 1460 697 1544 relictoque
723 1459 770 1520 ihi
798 1459 935 1550 Quieto,
962 1479 1030 1520 una
1060 1479 1133 1521 cum
1193 1459 1282 1520 varia
1298 1458 1331 1518 in
1351 1457 1418 1518 illis
1433 1457 1599 1542 praeierat
1616 1457 1764 1520 uomina.
1787 1462 1822 1520 ln
1838 1461 1942 1526 numa

389 1561 495 1624 altero
519 1558 589 1622 filio
611 1563 644 1622 iu
667 1561 885 1624 Occidentem
912 1573 1024 1622 movet
1047 1557 1135 1624 hunc
1193 1557 1426 1622 Alexandrinis
1440 1559 1517 1620 aliis
1528 1560 1672 1622 dicitur:
1695 1557 1739 1622 T.
1754 1552 1806 1621 (l).
1818 1557 1938 1622 lOTN.

389 1680 523 1746 quoque
543 1661 604 1723 sihi
622 1661 845 1742 subjecturus,
867 1661 999 1745 jamque
1015 1661 1047 1722 in
1060 1662 1136 1742 ltty-
1192 1657 1493 1735 MAKPtaNoc,
1543 1665 1633 1724 Titus
1661 1664 1800 1724 Fuluius
1830 1665 1938 1726 lauta

387 1762 496 1826 uicum
519 1776 735 1844 pervenerat,
780 1763 870 1847 quod
893 1775 963 1824 tum
988 1761 1134 1824 Aureolo
1194 1765 1400 1837 Macrinam,
1422 1761 1561 1824 iualiist
1582 1757 1636 1822 M.
1654 1763 1708 1824 vel
1725 1754 1934 1825 MMDOT.

388 1863 513 1947 paruit,
543 1883 659 1925 rerum
686 1863 817 1928 collatis
844 1885 918 1928 cum
945 1862 1010 1927 hcc
1032 1862 1136 1947 cignis
1192 1861 1485 1942 MAKPIANOC,
1517 1865 1562 1926 tt.
1580 1867 1720 1925 Fuluius
1741 1867 1935 1926 Macrianus.

387 1963 529 2028 inferior
550 1965 620 2048 ipse
646 1985 721 2028 cusu
737 1961 807 2031 filio
827 1963 1025 2039 interficitur
1039 1967 1080 2036 V.
1097 1965 1134 2030 C.
1191 1967 1242 2030 An
1258 1987 1342 2028 unns
1358 1965 1512 2049 idemque
1535 1963 1652 2026 eodem
1678 1977 1832 2048 tempore
1850 1983 1938 2050 prae·

392 2067 474 2134 1015
490 2067 585 2134 P.X.
600 2065 674 2132 aha.
1191 2067 1442 2130 uomenhahirit
1469 2071 1536 2130 Titi
1557 2079 1590 2129 et
1613 2069 1748 2128 Marci?
1793 2065 1936 2160 Quodsi

1002 2171 1006 2179 “
1064 2209 1067 2214 ·
1191 2168 1360 2232 audiamus
1378 2169 1598 2231 testimonium
1626 2169 1668 2231 cl.
1686 2169 1839 2244 Sestinii,
1863 2169 1936 2232 cidit

569 2295 670 2356 Num,
691 2295 940 2356 mmmm·
1186 2269 1220 2332 is
1237 2293 1371 2334 numum
1395 2271 1571 2347 Macriani,
1592 2290 1691 2356 quem
1708 2270 1796 2332 inira
1818 2271 1935 2333 descri-

1185 2370 1322 2448 bemus,
1335 2373 1380 2434 in
1393 2393 1465 2457 quo
1481 2373 1665 2434 Macrianus
1681 2373 1791 2455 capite
1804 2371 1933 2436 hauhata

450 2475 505 2541 hit
526 2475 711 2538 Bandurius
735 2475 784 2556 ¹),
820 2477 947 2538 nullum
970 2471 1077 2538 adhuc
1099 2472 1132 2534 in
1191 2471 1378 2537 exhibetur.
1396 2473 1512 2566 Quare
1531 2473 1712 2548 existimat,
1735 2475 1932 2538 Macrianum

383 2577 503 2640 oculos
529 2597 605 2640 suos
622 2577 800 2640 incurrisse
821 2575 977 2640 Macriani
995 2578 1132 2638 nomine
1189 2574 1360 2638 barbatum
1375 2575 1626 2638 existimandum
1644 2589 1794 2658 patrem,
1817 2576 1932 2640 imher·

385 2677 578 2762 insignitum
609 2700 762 2754 numum,
793 2677 850 2762 qui
877 2677 917 2738 ad
939 2673 1041 2739 hlium
1064 2699 1131 2740 nou
1188 2677 1265 2740 hem
1282 2673 1448 2758 fitiumd).
1472 2675 1538 2738 Sed
1549 2677 1928 2742 huecadhucadusoduut

384 2779 587 2863 pertineret,
610 2777 763 2864 idemque
779 2777 842 2858 sihi
860 2777 1018 2842 accidisse
1036 2793 1127 2841 testa·
1184 2778 1332 2853 incerta,
1353 2792 1390 2840 ut
1403 2779 1562 2848 contiuuo
1581 2777 1728 2854 dicetur,
1752 2793 1788 2841 et
1801 2801 1930 2864 exspec-

280 2933 283 2943 .
383 2881 416 2942 ri
437 2881 617 2965 plerosque
648 2880 730 2941 ulios
761 2879 971 2965 antiquarios.
1024 2883 1132 2944 Reve·
1188 2879 1304 2940 tandae
1320 2880 1459 2942 aliorum
1475 2878 1645 2963 suppetiae
1660 2900 1857 2957 neruorum,
1877 2879 1929 2965 qui

385 3001 424 3040 ra
445 2980 536 3040 numi
556 2981 716 3042 Macriani
749 2981 975 3064 usquemodo
1005 2983 1130 3064 cogniti
1191 2981 1360 3044 veritatem
1393 2981 1516 3044 certius
1539 2981 1708 3043 edoceant.
1755 2981 1930 3044 observari

381 3079 510 3162 vultuut
536 3077 718 3160 ,juvenilem
750 3083 925 3158 exhibent,
959 3083 1015 3166 qui
1045 3083 1156 3145 adeo.
1187 3083 1285 3144 etium
1304 3096 1469 3158 merctur,
1490 3085 1652 3144 aZonere
1676 3084 1753 3172 ioco
1773 3105 1870 3166 supra
1888 3084 1930 3144 in·

382 3178 485 3262 patris
501 3198 573 3239 esse
588 3199 651 3239 non
662 3195 814 3262 possunt,
837 3203 935 3266 quem
950 3183 1042 3246 senio
1059 3207 1131 3268 gra·
1188 3183 1295 3245 diceto
1309 3195 1431 3245 tantum
1448 3179 1552 3244 filiurn
1566 3183 1632 3245 dici
1644 3187 1865 3256 Macrianum,
1882 3206 1931 3267 pa·

381 3297 458 3344 vent
476 3278 655 3360 prodidere
679 3280 839 3346 historici.
880 3285 928 3345 Et
953 3305 1034 3348 vero
1057 3287 1129 3368 ipso
1186 3295 1271 3344 trem
1289 3297 1477 3347 constanter
1497 3288 1689 3347 Macrinum.
1732 3286 1833 3346 Numi
1853 3305 1928 3370 erge

380 3379 534 3460 hocejus
550 3400 724 3448 uuruorunr
743 3382 876 3446 defectu
893 3397 1003 3467 puteat
1022 3385 1129 3448 rideri
1186 3383 1927 3480 Macrianinomineinscriptisuntsequentcsa

381 3479 583 3554 verisimile,
606 3481 693 3565 quod
707 3482 812 3545 refert
829 3485 973 3550 Zonaras
989 3483 1037 3568 1Φ),
1061 3489 1130 3552 Ma·
1607 3555 1612 3564 ,

346 3569 350 3576 ’
380 3583 529 3647 orianum
556 3568 696 3666 hropter
727 3582 851 3649 adfecti
880 3588 973 3671 pedis
1005 3589 1129 3650 incom·
1382 3607 1574 3668 Mamm,
1595 3610 1724 3670 emm,

380 3683 478 3747 ruoda
509 3681 710 3746 detrectasse
752 3707 950 3770 purpuram,
989 3709 1126 3774 eamque
1763 3680 1768 3692 ⁸

365 3833 366 3838 η
381 3785 512 3871 utrique
521 3783 590 3847 titio
607 3783 778 3867 largitum,
801 3805 875 3850 cunr
886 3810 950 3872 quo
966 3787 1038 3853 sere
1051 3812 1129 3854 cou-
1327 3789 1595 3856 MACRIANVS.
1629 3791 1780 3855 Noetu.
1813 3793 1926 3856 CAES-

381 3889 483 3972 spirat
499 3889 675 3972 Dichysius
699 3893 939 3959 Alexandrinus
961 3891 1046 3975 apud
1062 3895 1128 3956 Eu·
1324 3893 1426 3968 Caput
1442 3897 1616 3955 radiatam.

380 3988 506 4053 sehihrn
535 3991 576 4072 ο).
620 3995 740 4055 Narrat
766 3993 844 4077 quin
871 3991 969 4054 etiam
989 3993 1127 4058 'Preheh
1182 3989 1928 4075 FtDEs.M1LtTvtt.rttaat9aamtttearta
2052 3991 2053 3994 ¹

377 4088 461 4166 lius,
483 4091 703 4170 Macrianum,
726 4112 802 4160 cum
819 4092 860 4154 ud
877 4091 1051 4176 imperium
1068 4113 1126 4178 pe·
1183 4093 1252 4157 alt.
1275 4095 1410 4176 (Hayru.
1428 4097 1467 4155 Τ.
1485 4094 1510 4159 1.
1529 4094 1594 4158 tab.
1613 4113 1663 4179 αι).
1681 4117 1713 4155 n.
1730 4099 1780 4178 7.)

376 4202 524 4266 teretur,
547 4211 720 4256 excusasse
743 4207 955 4269 senectutem,
979 4194 1122 4272 mor-hot,

376 4291 513 4352 curandi
551 4295 699 4376 corporis
733 4297 983 4370 necessitatem,
1014 4315 1121 4379 neque
2052 4341 2053 4370 t

282 4449 298 4464 ,,
379 4401 472 4451 antea
488 4395 711 4470 consensisse,
735 4416 829 4478 quam
852 4395 892 4456 etl
909 4394 1048 4458 eundem
1065 4395 1122 4458 ho·
1267 4389 1272 4396 ¹
1321 4398 1464 4460 mac.
1488 4399 1931 4470 FVL.MtcR1ANVS.P.
2052 4465 2053 4470 ,

377 4504 494 4550 uorem
515 4509 647 4556 vocatus
662 4509 749 4585 essct
766 4496 1011 4584 uterquefiljus.
1035 4497 1122 4592 Qua·
1238 4571 1242 4586 .
1319 4497 1359 4564 F.
1378 4501 1478 4567 AVG.
1503 4505 1605 4582 Caput
1620 4505 1797 4568 redictum.

1360 4265 1550 4324 Macrianus
1565 4263 1745 4343 Aequales.

382 4679 385 4686 ¹
413 4699 446 4769 a)
465 4697 533 4780 Peg·
550 4707 614 4763 271.
668 4697 708 4799 1))ἱ
723 4699 755 4755 1..
770 4663 834 4760 XM.
855 4725 880 4764 c.
900 4713 944 4772 24·
999 4707 1086 4778 c)·11.
1101 4705 1133 4764 E.
1148 4706 1181 4764 1..
1201 4671 1265 4776 VM.
1287 4727 1311 4766 c.
1329 4677 1408 4770 tosr.
1429 4707 1464 4782 d>
1485 4709 1599 4770 Letterc
1619 4711 1653 4770 Τ.
1665 4707 1724 4772 IV.
1741 4732 1771 4790 p.
1788 4721 1853 4780 132.
1871 4681 1874 4688 Ι
