4186 5492
422 403 493 556 rra
844 449 1217 530 anaxarnun
1252 439 1530 548 suvcnvs.

422 651 546 741 gratia,
568 647 602 709 in
627 640 771 710 omnium
800 653 888 704 essct
912 637 1097 714 amorihua,
1120 635 1165 699 ita
1222 634 1286 696 Sol
1301 632 1456 712 predicata
1484 629 1517 692 d.
1539 628 1645 699 elata,
1672 641 1700 686 e.
1725 621 1907 705 lupellum,
1928 625 1961 686 in

422 771 455 820 et
478 751 625 824 sobrius,
648 760 681 810 et
705 744 844 828 frugalia
860 743 893 804 in
912 741 1020 818 victa,
1044 755 1165 804 etcor·
1222 733 1313 800 omni
1334 731 1470 794 metallo
1491 742 1526 792 et
1545 728 1662 792 forma.

421 855 514 942 poria
538 853 649 924 cultu,
671 847 706 910 in
732 845 899 910 tractanda
918 843 1107 928 republica,
1129 852 1165 906 et
1281 834 1382 898 Numi
1399 853 1473 896 cum
1489 829 1552 894 hac
1566 828 1641 894 trib.
1659 839 1823 912 potestate
1837 847 1901 891 non
1916 827 1960 891 in·

422 945 676 1022 adminiatranda
705 952 890 1036 tuendaque
926 946 1048 1030 justitia
1080 942 1165 1008 adai·
1219 939 1430 1039 frequenter,
1453 948 1562 998 tamen
1586 931 1628 996 de
1651 931 1717 997 alio
1737 943 1959 1016 avortaetypo
2065 991 2066 1042 ,

423 1061 517 1122 duur.
540 1056 626 1122 Acer
645 1055 680 1118 in
693 1049 896 1116 restituenda
915 1047 1049 1110 militari
1068 1043 1165 1108 dicei·
1219 1060 1286 1106 non
1307 1051 1443 1104 constat.

370 1223 373 1228 .
421 1159 528 1246 plina,
550 1179 647 1244 quam
677 1153 846 1238 Elagabali
870 1149 1025 1216 vecordia
1051 1167 1164 1212 eorru-

420 1262 486 1346 pit,
508 1259 659 1346 legiones
680 1260 841 1340 integrae,
872 1272 948 1315 cum
970 1247 1163 1334 obsequium
1457 1263 1582 1326 Nm·
1608 1264 1719 1341 ΜΝ.

422 1363 668 1438 detrectabant,
690 1355 924 1423 exauctoravit.
954 1351 1164 1434 Religionem

283 1435 329 1468 ¹⁶
421 1464 544 1528 eximie
566 1464 689 1540 coluit,
712 1459 769 1524 ted
795 1457 1001 1544 promiscue3
1033 1472 1108 1515 nam
1137 1449 1165 1514 ai
1284 1443 1958 1530 Eorumingenanumcruarariaareraac

419 1565 502 1628 fidea
546 1561 736 1650 Lampridio
777 1559 825 1640 ¹),
863 1560 897 1621 in
938 1554 1059 1618 larario
1104 1571 1165 1615 auo
1221 1549 1317 1634 typis,
1332 1548 1396 1612 nisi
1405 1547 1524 1612 obviis.
1546 1546 1656 1642 Quare
1666 1547 1800 1626 nonnisi
1811 1547 1960 1612 illustrio-

421 1681 554 1752 praeter
576 1665 706 1749 cognita
739 1661 805 1746 jam
827 1659 961 1724 numina
987 1655 1164 1732 Christum,
1222 1669 1277 1712 res
1308 1669 1351 1712 ex
1382 1651 1471 1713 omni
1500 1651 1630 1735 agmine
1657 1649 1723 1711 hoe
1744 1651 1822 1714 loco
1843 1649 1957 1712 deacri-
2065 1643 2066 1664 ³

421 1768 666 1842 Abrahamum,
710 1765 901 1852 Orpheum,
953 1757 1164 1843 Apollonium
1221 1749 1343 1814 heatur
1368 1751 1496 1816 omissio
1516 1750 1665 1835 reliquia.
1692 1749 1894 1814 Pro'hornm
1910 1769 1956 1816 ae·

422 1867 805 1952 Tyanenaemrepdaitoa
825 1863 954 1940 hahuit,
976 1873 1080 1924 matre
1097 1861 1167 1921 lda-
1222 1867 1289 1916 tate
1320 1853 1465 1916 eruenda
1497 1872 1563 1916 non
1589 1872 1704 1936 parum
1725 1852 1877 1916 conferet
1906 1852 1956 1916 oh·

421 1991 514 2035 maea
537 1968 624 2030 haud
648 1968 747 2031 dubie
769 1967 809 2031 ad
829 1965 1011 2030 Christiana
1033 1961 1166 2044 dogma·
1223 1973 1356 2020 terrare
1381 1953 1611 2036 inscriptiones
1644 1953 1776 2038 capitia,
1805 1976 1884 2040 quaa
1902 1974 1957 2038 per

420 2043 453 2136 la
479 2072 650 2146 hortante,
681 2089 777 2154 qoam
808 2067 910 2130 suinae
937 2063 1165 2137 Christianam,
1221 2055 1416 2132 intervella,
1440 2071 1473 2120 et
1498 2071 1587 2121 certa
1614 2055 1691 2140 lege
1709 2056 1852 2120 varianae
1869 2075 1956 2140 sopra

421 2187 457 2242 ut
480 2173 514 2234 in
535 2171 605 2254 ejua
634 2173 698 2235 vita
721 2169 885 2245 dicemua',
916 2167 1036 2254 partim
1061 2163 1166 2230 credi·
1221 2159 1256 2220 in
1286 2179 1460 2222 numerum
1486 2159 1648 2244 ipsorum,
1665 2156 1886 2242 descriptione
1916 2157 1957 2220 vi·

421 2288 501 2338 tum.
533 2277 614 2336 'Pam
636 2273 806 2357 praeclaro
830 2270 971 2356 principi
994 2269 1072 2356 ¹ipsa
1102 2266 1166 2328 vir·
1222 2260 1340 2326 dimus.
1474 2284 1478 2294 ·

420 2390 493 2450 tna,
526 2373 584 2436 aed
617 2393 700 2459 quae
732 2371 814 2436 linea
836 2373 999 2456 excernit,
1027 2369 1162 2432 exitium
1499 2404 1520 2446 „
1581 2362 1601 2402 *
1664 2407 1686 2448 ,

421 2477 552 2548 attulit3
578 2474 731 2536 nimirum
762 2495 836 2539 curn
864 2487 1001 2559 propter
1023 2471 1165 2538 incredi·
1221 2465 1261 2532 Δ.
1363 2466 1452 2528 ΙΜΡ.
1491 2465 1612 2528 ottus.
1646 2470 1692 2528 Μ.
1728 2465 1832 2534 AVB.
1869 2465 1954 2535 SEV.

420 2577 521 2640 bilem
552 2577 585 2638 in
616 2590 753 2638 matrem
784 2577 939 2661 pietatem
971 2573 1068 2638 etiam
1096 2571 1164 2634 illia
1361 2565 1956 2650 ALEXAND.AVG.caper1me

327 2715 329 2720 .
421 2679 492 2762 ejus
515 2678 661 2744 consiliis
692 2697 820 2740 morena
842 2677 997 2754 continno
1020 2685 1163 2759 gereret,
1363 2679 1442 2733 tum.

419 2800 503 2864 quae
525 2781 598 2865 ipae
623 2779 732 2841 minua
757 2797 776 2842 e
803 2798 872 2862 rep.
891 2775 966 2841 iore
989 2775 1164 2858 intellexit,
1222 2761 1621 2866 ΑΕΤΕΗΝΙΤΔΤΙΒῩΒ.
1664 2777 1783 2839 Melior
1817 2784 1906 2836 atara
1929 2780 1956 2835 d.

418 2895 517 2966 atquc
541 2881 602 2944 hae
626 2881 783 2944 euadente
809 2879 1027 2966 parcimoniae
1050 2879 1166 2940 intem·
1219 2863 1370 2958 plebum,
1386 2899 1413 2940 a.
1430 2882 1726 2942 irenteacalemaae
1743 2879 1956 2958 apiculaaape·

419 2983 548 3066 pertire
571 2981 738 3058 studeret,
762 3003 914 3066 magnum
942 2981 1083 3042 militum
1106 3001 1166 3042 nu·
1222 2987 1298 3040 atat.
1321 2980 1391 3042 att.
1413 2979 1567 3061 (vaith)

419 3101 571 3156 merum,
598 3102 739 3164 quornm
764 3101 806 3144 ea
836 3093 942 3144 aetate
971 3077 1166 3144 insatiabilia
1285 3081 1378 3144 Haec
1400 3100 1535 3145 aversae
1559 3081 1740 3167 epigraphe
1754 3079 1845 3144 inter
1862 3079 1958 3144 adcla-

419 3179 484 3242 fnit
500 3181 679 3265 cupiditas,
703 3183 744 3244 ab
767 3201 804 3243 ae
825 3180 954 3245 avertit.
986 3181 1163 3244 Senecam
1220 3179 1382 3244 matiouea
1403 3181 1656 3267 imperatoribus
1682 3181 1758 3250 lieri
1783 3183 1895 3246 solitas
1911 3201 1958 3244 re·

421 3301 496 3346 oeae
511 3282 553 3346 ad
568 3301 686 3346 necem
709 3282 840 3366 quaeri,
862 3301 971 3365 neque
992 3281 1098 3344 ullum
1117 3302 1166 3344 aa·
1221 3281 1389 3366 ponenda,
1420 3305 1557 3368 quarum
1582 3284 1750 3380 copiosae,
1780 3303 1865 3370 quae
1888 3283 1957 3346 hnic
2065 3331 2066 3358 ,

421 3384 485 3447 luti
511 3383 670 3469 effugium
695 3383 839 3462 videret,
858 3384 980 3470 'eoepit
1006 3381 1077 3466 ipae
1099 3403 1168 3445 ma·
1221 3383 1429 3468 interiptioni
1446 3383 1761 3470 adplicariposaunt,
1777 3384 1958 3475 apudLatn·

420 3497 528 3564 trem,
551 3487 605 3550 cui
617 3485 796 3571 implicitae
809 3483 981 3561 haerebat,
1002 3484 1167 3562 incusare,
1215 3481 1366 3570 'pridiem
1385 3488 1422 3551 iu
1433 3488 1615 3552 Alexandri
1635 3489 1702 3554 rita
1722 3484 1923 3573 reperies-3}

421 3609 496 3653 aeae
515 3589 586 3672 ejua
603 3588 699 3650 uniua
721 3607 818 3652 cauea
833 3599 980 3650 extrema
995 3585 1063 3668 pati
1077 3582 1121 3666 ¹³).
1507 3633 1531 3674 a.
1589 3590 1610 3630 *
1672 3636 1693 3677 ff

490 3695 621 3754 onres.
652 3691 704 3752 De
722 3689 774 3752 hia
796 3687 890 3766 vide,
912 3707 996 3774 quae
1013 3687 1165 3752 dicentur
1221 3689 1411 3761 PECVND.
1443 3691 1678 3762 hvevsrae
1702 3690 1910 3778 praedicatur
1928 3691 1957 3751 in

419 3790 507 3856 inira
521 3792 554 3853 in
571 3791 733 3868 Orhiana,
755 3787 861 3855 uxore
872 3787 1050 3855 Alexandri
1067 3789 1165 3855 unica
1221 3789 1308 3855 hinia
1334 3793 1406 3860 att.
1438 3794 1544 3856 musei
1574 3794 1744 3871 Caesarei,
1773 3791 1834 3857 aed
1854 3809 1957 3856 aversa

399 3895 405 3907 ⁰
422 3913 465 3958 ex
486 3893 593 3958 numia
615 3891 756 3978 cognita.
1221 3891 1306 3957 haec
1315 3896 1460 3978 pertinet
1473 3895 1699 3959 adldamaeam
1710 3909 1859 3958 matrem.
1876 3891 1955 3957 Idem

684 4007 687 4014 ’
1093 3993 1095 3996 ’
1222 3995 1370 4081 aphalma
1386 3995 1508 4060 redihit
1525 3997 1562 4058 in
1578 4009 1710 4060 moneta
1730 3995 1887 4062 Gallieni.

1586 4099 1607 4140 ἱ

1162 4233 1165 4244 ,
1221 4199 1261 4265 B.
1363 4200 1452 4262 ῙΜΡ.
1504 4139 1794 4264 lentulum.
1858 4197 1955 4271 PWS.

562 4301 652 4365 tate.
710 4301 993 4366 ALEXANDER.
1051 4299 1166 4372 Ptvs.
1306 4307 1308 4314 ⁴
1365 4303 1466 4371 AVG.
1491 4305 1592 4383 Caput
1608 4307 1797 4366 terreamur.

720 4117 868 4182 Numi:
900 4175 902 4184 ,

563 4402 664 4470 AVG.
686 4405 787 4481 Capu!
807 4407 999 4466 laureatam.
1143 4433 1145 4440 >
1183 4413 1187 4426 “
1221 4399 1808 4483 10V18.(siet1³1t0PVGttau0R.
1827 4407 1954 4486 luppiter
2065 4359 2066 4362 Ἴ

423 4499 461 4560 Ρ.
484 4503 531 4564 tt.
555 4503 626 4564 ΤΗ.
651 4501 689 4566 Ρ.
714 4503 818 4568 ΧΙΠῙ.
852 4505 948 4570 008.
974 4505 1031 4570 lll.
1062 4503 1100 4568 P.
1124 4503 1165 4570 P.
1221 4507 1253 4566 d.
1267 4507 1393 4585 sabaea
1409 4507 1580 4584 intentare.
1605 4507 1671 4568 tn.
1688 4508 1791 4588 (hina.
1806 4509 1913 4584 Caes.)

321 4779 327 4788 ,
460 4707 491 4779 ³)
511 4707 585 4782 Cap·
604 4719 649 4782 29.
738 4709 773 4786 b)
790 4710 952 4771 Herodian.
