4186 5492
290 475 293 484 ·
422 474 493 552 sos
965 429 1397 548 ,tttx'ttttttvs't

419 644 458 704 ln
479 641 636 706 ultionem
661 639 770 704 ruenti
791 639 916 704 obstitit
931 637 1100 726 Aquileia,
1124 641 1166 708 sd
1223 659 1355 706 munem
1386 637 1477 704 orbis
1510 628 1698 723 opinionem
1735 635 1866 702 vexatis
1896 657 1977 723 pro·

418 763 515 826 quum
530 741 743 825 pertinaciter
757 761 830 808 sese
840 743 1070 808 defendentem
1087 745 1165 808 dum
1221 757 1297 828 pter
1312 741 1535 806 inexhaustam
1554 739 1763 824 cupiditatem
1778 737 1976 822 provinciis,

418 843 552 927 longius
582 842 758 921 adhaeret,
789 865 808 907 a
839 845 997 908 militibus
1026 859 1164 930 propter
1221 843 1326 908 caesis
1359 845 1454 908 nullo
1484 842 1694 920 discrimine,
1734 861 1878 926 quorum
1911 837 1981 921 {sut

420 943 573 1008 crudeles
610 963 719 1007 mores
745 957 779 1008 et
810 963 955 1008 sonousc
992 947 1163 1040 penuriam
1221 943 1406 1029 suspectior
1427 941 1530 1022 fides,
1562 959 1618 1007 sut
1646 943 1803 1028 pinguior
1823 941 1973 1020 fortuna,

419 1044 483 1106 sibi
502 1044 593 1106 iratis
618 1065 682 1110 unu
704 1065 778 1108 cum
796 1043 866 1108 iilic
882 1047 1024 1109 Maximo
1042 1047 1164 1110 occidi·
1220 1043 1275 1109 su't
1296 1047 1415 1132 quibus
1434 1046 1608 1132 primaeva·
1627 1065 1685 1108 suu
1703 1043 1899 1126 ignobilitas
1918 1064 1975 1108 co·

418 1159 484 1226 tpr.
516 1147 584 1209 Cur
604 1147 711 1210 omniu
730 1146 912 1213 haecfacts
930 1163 1043 1212 contra
1067 1148 1164 1212 obro-
1220 1145 1312 1232 gnita
1344 1145 1479 1220 fuisset.
1509 1145 1662 1209 nimirum
1688 1143 1743 1208 cui
1771 1163 1971 1228 persuasum

416 1247 616 1328 oologotum
639 1245 784 1310 omnium
810 1249 1001 1310 sententiam
1025 1247 1058 1311 iu
1076 1249 1162 1316 hune
1219 1248 1346 1325 fuerat,
1369 1249 1586 1342 utprofessua
1610 1261 1661 1310 est
1677 1245 1768 1330 ipse,
1789 1245 1968 1328 imperium

418 1367 537 1408 annum
564 1347 788 1432 conjecerim,
824 1346 910 1412 infra
940 1349 1023 1414 ratio
1062 1369 1163 1436 expe·
1219 1347 1283 1412 uisi
1303 1351 1499 1416 crudelitate
1521 1351 1629 1414 teneri
1656 1369 1721 1410 noo
1747 1367 1870 1432 posse;
1905 1369 1970 1434 quo

418 1449 536 1512 dietus.
691 1483 695 1490 ·
1217 1449 1360 1530 factum,
1376 1465 1427 1529 ut,
1452 1473 1535 1539 quae
1557 1451 1719 1514 dirissima
1735 1461 1830 1512 retus
1849 1467 1968 1514 seruus

462 1549 584 1631 'Hujus
603 1545 760 1634 principis
784 1571 893 1614 mores
911 1553 1012 1634 magis
1030 1569 1071 1616 ex
1090 1553 1160 1618 bel·
1217 1550 1480 1630 babuituomina,
1500 1553 1676 1638 Cyclopis„
1685 1549 1861 1638 Busiridis,
1883 1553 1970 1616 Pbo-

416 1649 509 1724 luse‚
533 1669 629 1732 quant
653 1648 793 1712 bominis
813 1653 945 1734 ingenio
965 1656 1070 1718 fuere.
1093 1657 1161 1718 lunt
1219 1653 1350 1732 luridis,
1374 1655 1436 1717 sibi
1453 1667 1712 1740 promereretur.
1743 1653 1786 1716 At
1801 1673 1969 1740 nunquam

412 1749 504 1813 istud
529 1769 571 1810 ex
592 1747 776 1812 belluarum
800 1773 908 1830 more,
932 1753 1020 1838 quod
1044 1753 1161 1819 monti·
1218 1740 1419 1818 luculentior
1442 1755 1744 1840 bellus,appsruit,
1767 1773 1867 1840 quatu
1893 1775 1967 1820 eum

414 1851 477 1914 bos
496 1847 671 1912 innutritus
688 1849 807 1932 perdiu
826 1853 911 1915 intre
928 1853 1010 1918 ltaeo
1024 1855 1159 1920 latibula
1216 1855 1339 1920 fectum
1362 1856 1404 1920 de
1423 1875 1459 1920 se
1482 1856 1802 1920 senatusconsultum
1827 1857 1964 1940 aceepit,

410 1952 511 2014 vitam
541 1963 671 2034 egerat,
702 1965 874 2036 antequam
897 1957 931 2016 in
955 1957 1026 2018 loca
1051 1957 1158 2039 planu,
1217 1979 1282 2044 quo
1300 1959 1403 2022 hostis
1419 1957 1803 2043 imperiijudicatusest.
1827 1958 1962 2038 Illisisse

412 2053 566 2136 cultaque
597 2067 796 2136 emergeret.
839 2059 954 2140 Neque
985 2077 1066 2121 vero
1096 2079 1158 2141 per
1215 2069 1284 2122 tum
1312 2073 1409 2144 eaput
1434 2060 1571 2144 peristi,
1591 2061 1879 2145 nonnunquamitt
1901 2075 1963 2124 ter·

412 2151 563 2234 corporis
589 2153 730 2230 molem,
754 2167 786 2216 et
812 2153 928 2218 virium
951 2157 1156 2223 incredibilis
1214 2183 1284 2225 ram
1317 2183 1352 2224 se
1383 2161 1562 2246 abjecisse,
1594 2161 1752 2226 clamosae
1783 2161 1964 2238 incondite,

411 2251 639 2335 experimento
656 2249 798 2318 belluam
817 2273 867 2320 est
885 2257 1057 2338 inficiatus,
1073 2281 1156 2345 quse
1214 2261 1417 2326 conscidisse
1450 2277 1575 2327 restem
1597 2263 1745 2346 regiam,
1775 2265 1960 2346 proximum

408 2365 517 2414 tantae
549 2349 661 2428 fuere,
694 2365 730 2414 ut
756 2357 856 2442 vulgo
885 2360 967 2424 Milo
987 2363 1157 2427 Crotonis·
1213 2381 1378 2448 quemque
1408 2365 1578 2450 excepisse
1602 2364 1816 2441 verberibus,
1847 2379 1962 2430 auctor

408 2467 477 2525 tes.
501 2453 684 2528 Hercules,
703 2453 1053 2540 Antaeusvocaretur,
1075 2485 1154 2550 quas
1213 2478 1264 2528 est
1283 2465 1546 2549 Capitolinusb).
1587 2466 1699 2560 Quare
1717 2484 1792 2528 cum
1810 2465 1892 2528 urbs
1910 2487 1963 2530 ex·

408 2572 479 2623 non
500 2573 574 2614 rsro
600 2553 633 2614 in
657 2553 710 2617 die
736 2557 800 2620 vini
817 2561 998 2646 Capitoline
1021 2567 1154 2648 smpho·
1211 2577 1316 2628 trema
1335 2587 1484 2652 quaeque
1509 2568 1549 2630 ab
1572 2567 1699 2630 irritata
1725 2563 1789 2630 hac
1812 2566 1900 2631 foria
1924 2571 1961 2631 ti·

407 2677 463 2729 ra,
494 2667 528 2717 et
555 2655 722 2739 sexaginta
747 2657 841 2724 libris
864 2665 970 2727 cernis
997 2679 1155 2728 sustentu-
1211 2680 1338 2744 meret,
1368 2669 1479 2730 nullus
1499 2687 1639 2753 unquam
1667 2667 1808 2730 nuncius
1837 2669 1960 2752 majore
2077 2705 2078 2721 t

409 2755 455 2816 rit
484 2757 525 2834 ⁸).
569 2756 676 2840 Atque
708 2757 771 2822 boe
802 2767 951 2846 corporis
980 2767 1030 2828 sui
1053 2767 1151 2830 modo
1211 2767 1331 2854 gaudio
1368 2789 1406 2832 so
1446 2769 1667 2856 gratulatione
1704 2782 1862 2852 acceptus
1901 2783 1959 2846 est,
2076 2835 2077 2841 ἵ

408 2875 483 2919 com
507 2856 540 2918 in
565 2857 666 2919 risum
697 2863 801 2945 seque
822 2861 1019 2950 jocumque,
1042 2887 1079 2931 eo
1101 2867 1151 2931 sui
1209 2889 1304 2956 quum
1317 2869 1373 2954 qui
1389 2891 1519 2934 caesum
1535 2883 1707 2952 tyrannum
1725 2871 1959 2956 promulgarit,

408 2957 726 3020 commendationem
752 2975 919 3042 uteretur,
950 2967 1045 3034 breti
1070 2967 1152 3032 effe·
1209 2971 1301 3054 cujus
1325 2967 1425 3036 fidem
1455 2971 1596 3054 primum
1629 2970 1815 3056 ambiguam
1847 2973 1958 3057 psallo

408 3057 472 3130 oit,
497 3069 531 3117 ot
559 3077 624 3118 non
653 3059 751 3120 modo
775 3065 935 3142 gratiosus
954 3068 1040 3150 opud
1063 3069 1154 3153 prin·
1207 3071 1686 3156 postcomprobatitsdlstum
1701 3071 1889 3157 utriusque,
1906 3093 1957 3156 ps·
2074 3075 2075 3083 ’

309 3185 312 3192 »
408 3155 517 3237 cipes,
551 3169 583 3216 ot
616 3151 890 3238 contubornales,
926 3169 984 3229 sed
1014 3183 1150 3254 propter
1207 3173 1267 3236 tris
1296 3193 1334 3236 ec
1362 3171 1442 3251 titii,
1477 3187 1594 3257 ceput,
1632 3171 1724 3258 quod
1758 3173 1957 3258 aliquamdiu
2073 3179 2074 3203 ¹

406 3251 634 3317 tortitudinem
653 3256 741 3319 utilis
760 3261 1150 3350 etiumreip.esset,lie·
1206 3274 1339 3358 publice
1362 3275 1586 3358 propositum,
1620 3273 1759 3336 subinde
1778 3273 1811 3336 in
1840 3293 1952 3360 cumpo

404 3367 523 3438 retque
543 3355 649 3440 indies
670 3359 703 3418 in
734 3381 770 3421 re
797 3364 930 3428 militari
955 3371 1057 3456 magis
1077 3391 1149 3455 spe·
1205 3375 1325 3440 Martio
1346 3377 1523 3440 insultante
1544 3376 1668 3462 populo
1692 3373 1836 3440 dammis
1864 3397 1955 3442 esus·
2071 3375 2072 3390 *

405 3456 544 3520 ctabilis.
591 3460 713 3521 Tamen
735 3461 816 3526 baec
842 3463 997 3544 ferendo,
1029 3474 1146 3554 purtim
1205 3491 1273 3542 tum
1291 3481 1399 3558 eote).
1537 3473 1540 3478 ’
1765 3467 1771 3474 ’

404 3557 501 3620 etiam
525 3555 685 3620 laudanda
713 3560 869 3644 luissent,
897 3570 961 3632 nisi
984 3571 1147 3636 membro·
1268 3580 1362 3648 onr
1379 3581 1541 3656 Paulina,
1564 3575 1605 3658 de
1622 3599 1688 3665 qna
1706 3579 1806 3646 infrag

401 3677 475 3720 runt
498 3655 611 3720 feritas
634 3657 668 3720 iu
689 3682 798 3726 mores
819 3668 914 3730 etiam
934 3671 1146 3738 transivisset.
1504 3741 1507 3748 Ι
1567 3713 1587 3756 p
1638 3701 1647 3712 ·

403 3759 508 3853 Quam
533 3757 592 3820 illo
615 3758 761 3842 ingratus
784 3765 817 3826 in
836 3768 1057 3834 Alexandrum
1082 3775 1145 3837 sibi
1485 3757 1504 3800 *
1650 3761 1670 3800 ⁹
1776 3811 1791 3844 .

403 3857 609 3936 beneficum,
648 3881 686 3924 sc
713 3863 861 3927 crudelis
890 3869 1009 3949 suerit,
1048 3893 1144 3958 supra
1345 3851 1605 3918 fflfflffll'ss·
1671 3855 1782 3919 Ple·
1854 3855 1947 3922 AVG·

403 3959 625 4044 exposuimus.
649 3963 727 4024 Mox
748 3964 877 4044 audito,
900 3969 1073 4056 imperium
1104 3975 1144 4037 sb
1257 3963 1262 3970 ⁶
1344 3957 1481 4018 GERM·
1506 3957 1815 4035 emilam&-

402 4079 444 4122 eo
457 4061 562 4124 fuisse
582 4078 794 4146 occupatum,
811 4075 1030 4134 tsntaliomse
1048 4095 1142 4158 prop·
1200 4057 1237 4117 Ρ·
1263 4059 1307 4120 Μ·
1328 4059 1398 4120 ΤΠ·
1422 4058 1460 4118 Ρ·
1481 4058 1552 4120 ῘῙῙῙ·
1573 4054 1668 4118 0⁰⁸·
1692 4059 1731 4120 Ρ·
1755 4059 1794 4120 Ρ·
1815 4061 1947 4139 'mim'

400 4173 454 4223 iet·
483 4160 645 4244 cognitum
684 4165 754 4246 ejus
781 4167 942 4234 loritutent
968 4175 1143 4256 trepidatio
1201 4169 1250 4222 tor
1260 4161 1439 4238 paludatus
1453 4167 1544 4220 stans
1563 4160 1647 4221 inter
1663 4162 1762 4239 atym
1780 4163 1943 4222 militaris-

401 4255 484 4334 iuit,
505 4273 542 4321 ut
557 4261 676 4341 passim
696 4269 817 4330 retain
839 4271 969 4355 templis
992 4275 1144 4359 concipe·
1200 4259 1238 4319 ¹¹¹
1256 4257 1678 4322 ⁰1⁰¹¹i¹¹¹⁰l⁸¹l⁰⁰lf⁰lm³·

402 4371 535 4433 minti
557 4379 599 4421 ue
627 4361 743 4426 urbem
772 4391 914 4454 uuquam
942 4373 1029 4437 istud
1053 4395 1145 4438 tuon-
1341 4379 1601 4446 usxttttrtvs.
1629 4349 1700 4442 ET.
1735 4379 1942 4444 stutttttvs

405 4467 508 4518 strum
522 4457 658 4525 rideret.
680 4469 795 4552 Neque
805 4468 979 4538 frustratus
996 4491 1045 4539 est
1055 4495 1144 4540 cont·
1341 4481 1545 4548 uvevsrt.
1566 4479 1827 4544 Geeueutct.
1862 4485 1945 4559 Cupi·
2054 4492 2057 4501 '

403 4591 1940 4642 M-Q—h———ss-

438 4683 470 4753 ι)
491 4675 650 4756 G¹P3⁸⁰¹l¹b
670 4693 742 4748 Μ·
832 4693 868 4768 b)
887 4699 1025 4775 Capua
1117 4705 1146 4777 c)
1169 4701 1329 4781 Capitolio.
1348 4703 1380 4760 iu
1399 4703 1532 4764 Maximo
1552 4723 1576 4764 c.
1598 4716 1623 4771 5.
