4264 5516
646 507 1211 630 communemve.
1640 547 1684 612 15

140 709 295 773 donativa
304 722 570 799 commemorat,
593 723 627 778 et
644 715 715 774 vini
723 731 731 788 ,
752 715 833 790 olei,
856 723 889 776 et
945 718 1229 792 tortoqatusstaus
1244 681 1407 800 matorum
1420 730 1490 774 cum
1501 715 1691 804 praclarum

139 815 243 898 tritici
261 817 431 891 petrarium
456 833 520 893 pes.
541 816 665 874 aerarii
690 818 742 876 sui
768 819 887 877 dumea
944 817 1149 894 reyejuuyit.
1177 816 1246 876 ΑΕ.
1268 814 1291 874 1.
1310 815 1410 893 (Mus.
1429 813 1539 892 Caes.)
1646 839 1649 844 ¹

138 917 282 988 mendo,
298 925 333 975 et
345 918 450 995 qratia
455 917 573 992 populo
587 901 696 976 dando
715 919 886 977 sedavisse.
954 931 958 939 ·
991 915 1118 990 ,Fuere
1137 913 1244 1010 Quadi
1267 916 1409 999 populus
1436 927 1525 978 trans
1546 911 1691 976 Danubi·

142 1015 212 1076 Sed
239 1013 322 1078 haec
352 1014 553 1098 generatim,
581 1013 672 1076 nulla
695 1015 780 1078 saeta
805 1029 888 1078 tem·
944 1033 1020 1088 nm,
1051 1032 1114 1098 qua
1138 1015 1166 1076 is
1186 1016 1351 1079 Austriam
1376 1013 1567 1076 inferiorem
1590 1028 1689 1102 secat,

141 1115 236 1200 poris
258 1117 446 1191 mentione,
468 1113 586 1179 refert.
618 1117 744 1178 Harum
779 1130 889 1180 tamen
947 1115 981 1175 in
998 1115 1199 1192 Moraviam,
1224 1115 1427 1200 etmagisin
1451 1115 1623 1178 Orientem
1639 1135 1714 1178 osv
1844 1127 1848 1138 '

144 1216 400 1295 liberalitatem,
420 1215 890 1301 quasadductinumiaollau·
948 1239 1012 1304 que
1035 1221 1076 1282 ad
1103 1221 1225 1282 cusum
1251 1215 1390 1294 flumen,
1427 1217 1527 1279 hodie
1548 1218 1689 1302 Vagam,
1818 1235 1820 1240 ·

104 1355 107 1360 ι
147 1319 245 1394 dant,
284 1319 371 1418 haud
403 1319 501 1381 dubia
531 1339 595 1380 una
619 1317 749 1396 ridetur
775 1315 890 1394 luisse,
947 1335 1137 1405 porrectus,
1173 1319 1237 1382 cui·
1254 1317 1364 1382 datum
1388 1318 1428 1383 ab
1440 1303 1618 1380 *Antonino
1634 1338 1692 1403 xre·

147 1420 191 1483 de
216 1443 280 1506 qus
305 1421 524 1505 Capitolinus:
555 1424 686 1500 nuptias
702 1423 794 1501 filiae
812 1441 892 1482 suae
949 1442 1024 1507 gem
1042 1417 1319 1484 dissimulantibus
1335 1418 1464 1480 illustre
1474 1418 1560 1480 istud
1569 1417 1694 1482 factum

148 1525 326 1585 Faustinae
350 1542 449 1604 usqua
470 1526 518 1584 ad
543 1526 732 1586 donatiuum
757 1525 895 1584 militum
951 1521 1117 1586 historicis
1157 1520 1306 1584 omnibus
1340 1519 1431 1581 numi
1466 1520 1692 1603 pronunciant.
1735 1555 1743 1566 ·

146 1625 471 1703 cskderrimassecit.
563 1639 573 1658 ·
951 1623 1033 1705 Ejus
1064 1621 1172 1706 gentis
1200 1621 1335 1684 historia
1366 1620 1469 1703 magis
1503 1619 1562 1682 sub
1589 1617 1694 1684 Marci
1812 1701 1816 1712 ι

281 1807 283 1812 Ι
427 1766 444 1806 ,
507 1722 527 1763 ⁸
587 1763 608 1808 0
894 1779 896 1785 ,
952 1721 1091 1808 imperio
1108 1723 1257 1807 cognita,
1284 1743 1322 1784 ao
1347 1721 1433 1784 iorte
1459 1720 1553 1782 datus
1582 1721 1636 1784 hic
1653 1719 1693 1803 alr

150 1859 157 1878 ·
305 1827 348 1885 Vt
367 1828 407 1886 lie
431 1828 473 1887 A.
654 1859 657 1864 ·
827 1861 829 1866 ·
952 1825 1152 1912 imperatore
1174 1823 1344 1887 residem
1372 1838 1422 1904 est
1448 1821 1620 1896 camillo,
1653 1807 1694 1884 de
1723 1891 1725 1896 ,
1763 1827 1777 1844 '

152 1923 239 1988 01²1.
263 1923 364 1991 lvG.
387 1929 504 1988 Mulier
527 1930 639 1990 sedent
653 1931 684 1990 d.
702 1931 845 2002 hastam,
867 1948 895 1990 s.
954 1947 1019 2011 quo
1034 1925 1181 2011 loquitur
1201 1925 1401 2008 Capitolinus
1422 1924 1467 1986 ins
1483 1924 1547 1986 vita
1564 1923 1696 1986 Marcis

150 2031 253 2104 capiti
273 2031 417 2090 admota.
438 2029 508 2090 AR.
535 2029 604 2090 Au.
626 2029 650 2089 1.
674 2031 774 2108 (Mus.
788 2026 895 2108 Caes.)
955 2033 1063 2106 Quadi
1079 2039 1185 2090 autem
1206 2031 1324 2089 amisso
1346 2047 1420 2106 repo
1440 2049 1498 2089 suo
1518 2047 1581 2088 non
1602 2029 1696 2104 prius

218 2129 296 2204 Opis
314 2126 348 2186 in
374 2127 437 2189 hoc
454 2149 552 2191 numo
577 2129 727 2194 laudatae
748 2143 896 2193 naturam
954 2133 1192 2210 confirmaturos
1207 2148 1292 2202 eum,
1308 2131 1442 2209 quierat
1453 2139 1594 2200 creatus,
1612 2130 1696 2188 diee-

152 2226 389 2316 explicabimus
415 2228 449 2289 in
466 2243 597 2294 moneta
613 2230 805 2296 Pertinacis.
955 2231 1048 2305 bant,
1070 2251 1167 2312 quam
1186 2232 1217 2294 ti
1243 2231 1361 2292 nornis
1366 2229 1547 2312 placuisset
1561 2230 1696 2308 imperu-

286 2341 291 2344 “
433 2373 453 2411 „
514 2329 535 2369 *⁵
597 2374 618 2414 ,
696 2391 700 2400 ,
956 2333 1088 2397 toribus.

299 2435 468 2494 VelisA.
546 2491 563 2502 ,
684 2467 687 2474 ·
846 2477 849 2484 .
1226 2428 1328 2515 „⁴
1389 2472 1410 2514 ,
1527 2455 1530 2463 ·

153 2532 259 2594 REX.
273 2532 495 2596 ARMENIIS.
511 2532 668 2623 DATVS.
684 2535 718 2597 S.
738 2533 774 2598 C.
799 2538 899 2616 Impe-
1101 2539 1144 2598 Vt
1163 2537 1211 2597 ut.
1228 2537 1271 2596 A.
1346 2535 1350 2542 '
1727 2603 1734 2610 ‚

154 2646 247 2696 rator.
267 2645 395 2714 loqutus
413 2645 511 2695 'stans
527 2638 765 2718 Ameuioreyi
781 2639 900 2698 tiaram
956 2633 1163 2705 notrum.
1184 2633 1403 2704 Avevsro.
1422 2634 1456 2698 S.
1475 2633 1511 2696 C.
1544 2635 1696 2696 Romulus

154 2737 299 2814 imponit.
338 2725 571 2818 AE.1'.(Mus.
596 2737 706 2817 cass.)
956 2741 1068 2802 taetus
1084 2741 1222 2800 militari
1234 2740 1387 2817 praelians
1401 2740 1432 2796 d.
1458 2739 1599 2810 kastam,
1630 2737 1699 2796 sios

220 2835 326 2930 Quam
353 2837 474 2900 acriter
495 2859 592 2923 saepe
617 2841 783 2902 Romanos
802 2837 898 2911 inter,
957 2851 1121 2920 tropaeum
1140 2823 1243 2918 ¹super
1270 2841 1408 2901 umero.
1436 2837 1513 2912 AB.
1545 2838 1570 2896 1.
1598 2837 1699 2916 (Mus.

156 2936 362 3021 Parthosque
386 2937 572 3002 dimicatum
589 2940 649 3012 sit,
683 2939 724 3001 ab
743 2942 825 3002 utris
840 2941 902 3002 Ar·
956 2943 1092 3006 Farnes.
1113 2937 1305 3022 Theopoli.)
1691 2936 1694 2944 ’

158 3038 261 3100 menii
283 3039 371 3100 inter
388 3054 601 3125 utrorumque
624 3039 780 3102 ditionem
800 3039 901 3102 modii
998 3045 1072 3105 ·En
1093 3041 1271 3104 Romulum
1288 3059 1330 3104 eo
1360 3039 1469 3116 cultu,
1492 3057 1579 3122 quo,
1601 3053 1700 3100 caeso

159 3157 259 3222 reges
284 3139 491 3224 acciperent,
507 3141 583 3206 satis
600 3143 757 3206 hactenus
772 3139 901 3224 perim-
957 3146 995 3207 in
1011 3165 1118 3228 pugna
1128 3143 1258 3206 Acrone
1270 3137 1521 3205 Cenninensium
1537 3156 1628 3221 rege,
1647 3135 1702 3198 de·

154 3255 346 3325 peratorunr
364 3241 534 3305 historiam
559 3241 718 3307 vidimus.v
731 3245 783 3304 Ex
801 3243 902 3306 Anto·
957 3237 1062 3308 tracta
1082 3243 1160 3306 huic
1179 3244 1283 3327 spolia
1298 3242 1367 3304 lori
1384 3239 1535 3302 Feretrio
1557 3240 1701 3300 oblutnm
1771 3296 1778 3323 s

157 3341 228 3402 nini
242 3343 344 3406 rebus
362 3345 463 3428 gestIs
483 3344 548 3406 lruo
565 3347 733 3426 pertinens
750 3343 834 3404 nihil
851 3363 904 3406 re·
960 3346 1038 3411 ibat.
1064 3347 1186 3409 Lectus
1209 3343 1339 3406 ridetur
1365 3341 1419 3404 hic
1444 3355 1540 3424 typus
1565 3353 1703 3425 propter
1745 3416 1748 3422 Ι

160 3443 276 3526 perio,
307 3443 372 3506 nisi
400 3444 489 3528 quod
519 3435 652 3508 tradidit
682 3445 903 3530 Capitolinus:
962 3445 1162 3529 singularem
1186 3443 1341 3506 Antonini
1361 3439 1545 3516 adiectum,
1568 3459 1704 3528 quovef

163 3545 354 3606 Parthorum
368 3567 473 3626 reyem
489 3549 531 3608 ab
545 3550 767 3610 Annom'orum
786 3569 906 3628 eepuq-
961 3562 1067 3610 terem
1083 3547 1174 3609 urbis
1188 3545 1376 3620 historiam,
1401 3556 1433 3604 et
1447 3543 1597 3626 prodigia
1616 3561 1705 3605 eom-

161 3649 295 3707 natione
311 3648 389 3708 solis
405 3649 509 3708 literis
523 3651 655 3726 repulit,
673 3661 770 3732 atque
783 3648 906 3710 etelre·
962 3649 1080 3732 plexus
1107 3661 1176 3728 cst,
1201 3661 1236 3709 ut
1258 3645 1361 3730 magis
1385 3625 1529 3706 infra'ex
1547 3642 1706 3728 singulari

161 3743 252 3830 liqna
278 3745 386 3808 omnia
406 3745 614 3830 ignoremus,
645 3747 771 3822 iaciunt
796 3763 907 3812 tamen
965 3749 1103 3812 articulo
1138 3745 1272 3829 patebit.
1301 3745 1430 3808 Placuit
1453 3745 1534 3808 adeo
1562 3757 1707 3806 moneta*

159 3845 266 3921 numi,
286 3860 322 3908 ut
338 3845 444 3909 minus
459 3847 660 3932 ignoremus.
683 3851 799 3916 Fuisse
819 3851 907 3914 hunc
964 3849 1044 3927 riis,
1065 3849 1298 3931 imperatorem
1314 3845 1422 3924 huno,
1438 3845 1496 3928 qui
1509 3845 1706 3908 resuscitare

159 3947 337 4010 Armeniae
362 3967 477 4033 regem
496 3949 536 4011 ab
561 3951 727 4014 Antonino
751 3933 926 4015 constitu-¹
965 3969 1110 4015 amorem
1126 3947 1160 4008 in
1174 3944 1312 4030 patriam
1331 3957 1378 4005 tot
1403 3943 1562 4027 prodigiis
1579 3941 1618 4005 ari
1630 3963 1708 4008 eum

160 4059 231 4118 tunt
245 4048 380 4143 nomine
392 4050 677 4129 Achaemenidem,
699 4073 815 4134 parum
831 4073 909 4116 eon·
965 4051 1091 4138 apicem
1117 4060 1280 4121 erectam,
1303 4043 1421 4128 quibus
1437 4031 1568 4127 poterat
1583 4043 1707 4118 modis,

162 4149 259 4211 cinne
286 4167 328 4211 ex
350 4149 530 4216 Iamblicho
549 4150 636 4236 apud
665 4151 820 4217 Photium
847 4156 909 4218 Co·
966 4167 1102 4226 conatus
1135 4163 1203 4224 est,
1219 4146 1322 4211 ¹velut
1344 4144 1521 4207 Romulum
1555 4145 1708 4222 alterum,

166 4249 239 4316 dice
253 4259 308 4336 ot.
326 4251 413 4315 eruit
432 4252 627 4321 Vaillantius
644 4253 685 4335 ¹).
828 4263 832 4276 “
966 4273 1085 4337 nempe
1107 4247 1382 4322 ,Avasrvm
1411 4265 1618 4332 proponere,
1648 4250 1710 4309 etsi

371 4401 376 4406 -
443 4397 463 4435 „
505 4353 545 4424 ,³
609 4397 625 4434 ,
668 4409 671 4416 .
966 4369 1105 4440 propter
1125 4349 1232 4436 pacis,
1263 4367 1301 4412 ac
1327 4347 1458 4431 pietatis
1487 4347 1711 4424 consiliume-

232 4505 235 4512 .
311 4459 355 4515 Vt
375 4459 423 4518 lis.
441 4459 483 4518 A.
970 4456 1019 4540 gis
1043 4455 1168 4538 Numae
1198 4473 1216 4513 s
1245 4449 1413 4513 veteribus
1437 4447 1632 4510 assimilatus
1660 4447 1710 4509 sit.

166 4553 267 4618 REX.
288 4553 465 4650 QVADIS.
480 4557 639 4628 DATVS.
656 4559 692 4626 S.
712 4559 749 4625 C.
770 4563 910 4643 mmera-
934 4537 938 4546 ’
968 4555 1032 4621 Hic
1062 4569 1158 4638 typus
1174 4565 1224 4615 est
1240 4551 1338 4614 etiam
1352 4549 1386 4610 in
1401 4549 1509 4612 narnis
1526 4549 1651 4624 aureis,
1679 4561 1711 4610 et

221 4766 252 4830 s)
272 4761 410 4827 Arsacid.
430 4754 534 4846 imper.
555 4787 586 4846 p.
605 4777 669 4833 ort.
