4158 5496
642 583 646 590 .
723 505 1078 618 siccamus.
1200 549 1208 566 ·

1607 548 1679 620 tte

123 696 276 782 ¹¹¹¹l¹¹¹¹¹¹t
309 711 384 756 ‘¹¹¹¹
414 711 482 756 ¹¹⁰¹
511 711 530 754 ¹¹
559 704 652 776 P¹¹¹¹¹¹
681 690 869 769 Valeriano,
928 699 974 760 mi
990 699 1075 766 intra
1101 721 1202 767 annos
1225 707 1358 770 omnino
1383 723 1457 774 octo
1482 714 1616 800 signati,
1641 731 1675 808 qr

126 799 188 866 sed
221 797 325 862 fratre
356 793 508 858 Gallieno
546 814 689 856 summos
726 796 870 859 honores
928 803 1017 886 quod
1030 807 1265 891 consequitur,
1289 811 1373 874 mala
1390 809 1473 900 lide,
1497 837 1579 899 quae
1600 841 1676 884 usu.
1696 875 1709 883 ‚
1808 889 1813 897 Ι

126 901 338 974 adsecutum,
374 911 407 960 et
438 895 569 982 quidem
601 897 751 960 Caesaris
784 899 871 962 circa
928 905 1099 988 capionem
1124 930 1190 970 non
1216 910 1374 988 admittit,
1404 925 1581 1000 occupasse
1600 920 1677 994 fun·

124 1023 245 1070 annum
267 1003 305 1063 P.
322 1002 365 1078 X,
376 998 455 1070 eoo,
479 997 618 1080 Augusti
642 998 729 1060 eirea
751 1021 869 1062 annum
930 1003 1006 1068 dum
1027 1010 1140 1093 nepoti
1161 1005 1316 1076 Salonino
1340 1015 1451 1100 inique
1476 1015 1676 1103 ademptum.

124 1105 226 1172 Pili.
250 1101 322 1178 eod.
365 1105 457 1184 Ergo
479 1112 584 1160 totum
607 1111 751 1182 tenipus,
783 1101 871 1186 quod
928 1106 1024 1171 Addo
1051 1111 1147 1194 hujus
1170 1116 1306 1176 nalurae
1332 1133 1559 1199 argumentum
1588 1120 1678 1184 atiud

124 1209 195 1272 sive
218 1205 365 1280 Caesar,¹
386 1203 454 1266 site
482 1203 648 1284 Augustus
678 1201 806 1284 exegit,
837 1203 870 1264 in
929 1211 1033 1274 multo
1066 1211 1312 1276 validissimum.
1357 1219 1438 1280 Cum
1474 1219 1540 1282 duo
1576 1221 1675 1284 simul

125 1307 270 1374 Gallieni
303 1318 442 1368 aetatem
473 1301 570 1378 cadit.
612 1301 704 1365 Haec
735 1303 763 1364 si
792 1323 871 1368 vera
927 1308 1022 1372 fuere
1045 1314 1202 1397 Augusti,
1225 1313 1302 1377 inde
1327 1338 1345 1378 a
1368 1317 1494 1383 Sereno
1515 1322 1549 1383 in
1573 1321 1681 1400 omni.

124 1423 219 1486 sunt,
247 1427 347 1470 nemo
369 1404 449 1479 erit,
480 1404 536 1490 qui
558 1424 623 1468 nou
646 1403 686 1467 ab
709 1405 781 1485 ejus
802 1426 872 1468 mo·
927 1409 989 1472 hus
1012 1414 1157 1491 auersis,
1186 1415 1347 1500 siquidem
1379 1418 1440 1484 hae
1468 1421 1599 1506 utrique
1622 1443 1680 1508 ap7

122 1523 201 1574 neta
221 1508 367 1592 ejusdem
387 1506 518 1590 generis
536 1519 630 1588 typos
650 1499 778 1590 exi'gat,
801 1507 872 1590 qui·
927 1512 1044 1595 plicari
1062 1529 1218 1598 potuere,
1237 1519 1338 1581 scribi
1358 1523 1527 1586 consuerit
1542 1521 1677 1592 AVGG.

123 1589 188 1678 lius
209 1611 354 1693 insigues
375 1609 470 1672 luere
492 1607 583 1668 numi
599 1607 742 1670 Gallieni
760 1607 872 1672 conle·
927 1635 988 1696 pro
1006 1615 1107 1681 AVG.
1122 1618 1247 1686 Verum
1264 1619 1297 1681 in
1313 1623 1419 1684 numia
1436 1623 1586 1686 omuibus
1601 1624 1677 1687 Gal·

16 1795 19 1800 ,
125 1733 198 1798 gae.
220 1710 394 1788 Novimus,
421 1722 516 1773 vetus
544 1707 646 1770 fuisse
674 1709 869 1802 institutum,
928 1715 1025 1790 lieni,
1047 1737 1088 1779 ex
1114 1738 1179 1804 quo
1201 1734 1295 1802 pater
1318 1713 1511 1790 Valerianus
1539 1739 1594 1788 aut
1620 1723 1675 1788 dc·

122 1829 162 1880 ut
178 1815 392 1898 imperatores
412 1826 507 1894 typos
531 1831 607 1872 suos
626 1831 700 1874 cum
720 1811 871 1896 conlegis
928 1819 1049 1894 cessit,
1082 1833 1137 1881 aut
1165 1821 1291 1906 negligi
1318 1825 1447 1908 coepit,
1486 1839 1676 1894 constanter
1715 1831 1719 1838 '

120 1915 295 1999 Augustis,
324 1928 379 1978 aut
409 1911 486 1974 liliis
509 1909 703 2007 Caesaribus
725 1931 870 1975 commu·

123 2019 290 2092 micarent,
313 2013 417 2100 quod,
436 2013 561 2098 ,quippe
579 2011 742 2074 tironibus
758 2013 870 2096 cogni-

120 2131 203 2195 tum,
220 2119 382 2200 exemplis
395 2114 542 2179 stabilire
558 2113 770 2196 supersedeo,
785 2133 868 2198 quae

120 2221 219 2288 obvia
241 2233 316 2282 sunt
337 2231 412 2282 ante
435 2231 469 2280 et
490 2229 565 2300 post
582 2214 725 2276 Gallieni
740 2235 868 2280 aevum.

119 2322 281 2394 Novimus
296 2319 406 2396 etiam,
424 2318 458 2380 in
476 2317 628 2396 uniuersa
643 2315 784 2378 Gallieni
800 2335 869 2377 rno-

118 2435 198 2492 neta
227 2440 316 2495 esse,
344 2433 500 2504 quantum
528 2417 563 2480 in
584 2416 707 2480 nullius
728 2418 868 2502 impera·

117 2521 223 2600 toris,
245 2521 382 2596 miram,
410 2538 547 2604 eamque
568 2539 634 2580 uon
656 2519 865 2601 injucundam

117 2637 276 2708 typorum
297 2622 507 2708 varietatem,
537 2619 721 2702 horumque
744 2621 865 2682 multos

118 2723 229 2796 adhuc
249 2723 438 2808 incognitos
459 2739 647 2806 novosque,
677 2721 865 2806 propositos

117 2827 281 2911 majorum
311 2825 459 2910 gentiunt
486 2823 568 2898 deas
589 2821 787 2906 plerusque,
817 2821 865 2884 le·

118 2928 254 3015 gisnes,
274 2925 414 2992 virtutes
432 2935 496 2987 ete.
519 2920 681 3018 Quoniam
703 2921 739 2984 id
760 2941 864 3006 genus

926 1917 1028 1980 valuit
1052 1919 1191 2004 simplex
1211 1924 1331 2000 AVG.,
1356 1925 1434 2008 quin
1457 1926 1545 1988 etin
1565 1929 1673 1990 numia

928 2018 1098 2082 numinum
1127 2023 1277 2084 omnibus
1301 2025 1465 2108 luppiter,
1496 2027 1672 2103 Hercules,

926 2117 1112 2207 Neptunus,
1126 2123 1246 2208 aliique
1265 2123 1541 2189 CONSaroatores
1554 2126 1673 2206 AVG.,
1744 2203 1750 2212 Ι

926 2235 1019 2286 certo
1037 2220 1176 2299 indicio,
1198 2225 1324 2286 nullutn
1348 2237 1416 2285 tum
1440 2227 1558 2304 alium,
1579 2217 1673 2312 prae·

924 2335 1075 2408 terquarn
1093 2323 1298 2404 Gallienum,
1322 2325 1468 2410 agnitum
1489 2326 1592 2394 tuisse
1608 2331 1674 2392 Au·

924 2438 1067 2510 gustum.
1324 2493 1327 2499 ,
1666 2508 1668 2511 ⁸

987 2529 1064 2590 Non
1084 2524 1193 2589 minus
1212 2542 1312 2614 urget
1338 2543 1568 2612 argumentum
1590 2529 1671 2594 alte·
1721 2603 1731 2610 .

922 2647 996 2690 rum
1040 2649 1059 2691 a
1100 2627 1208 2688 nuruis
1250 2621 1480 2693 Alexandrinis
1518 2626 1669 2717 petitum.

923 2729 1030 2823 Quam
1052 2725 1166 2790 sedula
1189 2727 1253 2792 hoc
1271 2749 1352 2794 aero
1375 2734 1545 2818 Aegyptus
1565 2733 1669 2797 luerit

920 2829 956 2890 in
986 2827 1166 2892 dedicanda
1195 2829 1399 2914 principibus
1429 2834 1496 2896 suis
1524 2850 1668 2912 moneta,

920 2943 1042 2994 norunt
1068 2947 1180 2994 musea
1208 2931 1326 2993 omnia.
1348 2934 1456 3019 Atque
1473 2924 1532 2999 'hic
1558 2937 1668 3024 ediec:

115 3029 188 3114 typi
216 3047 324 3112 neque
354 3027 388 3090 in
417 3023 525 3088 cumis
554 3023 723 3092 Valeriani
749 3023 870 3108 patris,
899 3042 973 3092 -tns
999 3051 1066 3094 non
1090 3029 1131 3094 ad
1153 3029 1243 3094 solos
1268 3045 1395 3096 tantum
1421 3037 1588 3121 Augustos
1615 3058 1668 3104 stt·

116 3149 227 3217 neque
246 3129 394 3206 Salonini
418 3125 479 3189 lilii
504 3138 713 3208 comparent,
735 3123 863 3186 intubi·
919 3129 999 3206 luit,
1023 3129 1083 3194 sed
1107 3133 1264 3196 Caesares
1290 3133 1408 3211 etiam,
1431 3149 1464 3196 et
1489 3136 1576 3224 ipsas
1603 3139 1668 3222 Au·

115 3245 219 3298 tutum
239 3245 307 3308 est,
328 3230 406 3292 illos
422 3241 498 3314 post
515 3225 686 3311 utriusque
703 3225 859 3288 miserum
917 3244 1039 3315 gustas.
1063 3231 1164 3296 obvii
1187 3251 1269 3316 ergo
1291 3247 1367 3298 sunt
1387 3235 1479 3298 numi
1497 3236 1667 3303 Valeriani
1714 3289 1721 3304 .

113 3330 219 3398 fatum
246 3327 397 3397 adhiberi
424 3339 577 3411 coeptos,
603 3347 722 3411 nempe
743 3327 784 3388 ab
806 3348 862 3389 an·
918 3331 1058 3394 senioris
1080 3345 1114 3394 et
1136 3333 1299 3410 Gallieni,
1329 3335 1407 3418 quin
1431 3351 1467 3430 εξ
1488 3338 1666 3406 Saloninne
1741 3337 1743 3342 ’

111 3453 159 3498 no
179 3435 220 3503 V.
243 3435 280 3498 C.
303 3433 382 3496 1013
404 3433 442 3497 P.
463 3431 508 3492 X.
526 3425 605 3502 ato,
627 3427 661 3490 id
684 3440 735 3490 est
756 3425 796 3490 ab
818 3445 866 3488 eo.
916 3451 979 3516 per
1001 3451 1116 3494 omnes
1137 3431 1210 3497 iere
1231 3455 1333 3497 annos
1352 3435 1443 3516 XV„
1466 3439 1584 3523 quibus
1607 3424 1667 3506 im*-

111 3547 283 3618 tempore,
309 3557 328 3612 a
357 3553 423 3620 quo
445 3532 615 3596 Gallienus
637 3527 773 3591 fratrem
795 3530 860 3598 Va·
916 3530 1045 3614 pererit
1073 3532 1229 3610 maritus,
1258 3532 1479 3598 continuatam
1505 3537 1665 3606 habemus

109 3635 292 3712 larianum,
316 3647 350 3698 ut
371 3633 481 3716 ajunt,
503 3631 567 3694 sibi
585 3629 730 3694 sociavit,
753 3631 858 3712 Ergo,
914 3641 1092 3709 monetam.
1121 3632 1270 3696 Salonini
1297 3635 1406 3713 numi,
1442 3649 1479 3700 ut
1507 3630 1669 3720 vidimus,

110 3735 261 3821 inquies,
289 3733 470 3800 verisimile
497 3743 565 3807 eat,
594 3729 732 3820 fratrum
762 3745 859 3816 typos
915 3743 1044 3794 exstant
1072 3746 1213 3818 quatuor
1244 3734 1345 3800 variis
1371 3737 1473 3799 aunis
1501 3725 1660 3824 insignesss

111 3835 188 3903 fore
210 3857 411 3923 communes.
432 3833 584 3899 Falleris.
615 3832 861 3928 Quantumcun·
916 3831 1126 3896 soccessoris
1141 3835 1269 3898 Claudii
1285 3837 1376 3908 numi
1392 3837 1427 3900 in
1443 3837 1505 3906 hac
1521 3843 1661 3926 regione

111 3959 178 4024 que
199 3939 312 4014 voles,
341 3951 442 4002 totam
463 3933 632 4006 Valeriani
653 3933 723 3997 sive
745 3934 867 4004 Caesa<
916 3931 1055 4016 signati,
1076 3936 1139 3998 etsi
1163 3934 1266 4002 breue
1289 3935 1352 4002 fuit
1377 3939 1449 4024 ejus
1473 3941 1661 4026 imperium,

110 4039 176 4118 ris,
191 4039 262 4104 sive
276 4037 416 4124 Augusti
433 4051 597 4100 monetam
612 4035 768 4111 lustrato,
786 4033 859 4096 nul·
914 4046 1054 4118 propter
1080 4035 1207 4121 copiam
1226 4037 1411 4124 ,attestans
1453 4045 1545 4106 luter
1579 4043 1662 4136 haec

109 4139 182 4206 lum
203 4161 245 4204 ex
267 4139 318 4202 his
340 4138 489 4224 reperies
507 4137 622 4213 edam,
644 4137 701 4224 qui
717 4155 784 4199 non
801 4155 857 4198 ex·
913 4135 987 4220 quis
1003 4134 1145 4226 sibinen
1161 4137 1390 4222 persuadebit,
1407 4143 1572 4228 parabiles
1587 4164 1661 4210 esse

108 4254 214 4308 amret
246 4242 280 4304 in
318 4253 449 4304 moneta
479 4238 646 4310 Valeriani
675 4239 795 4324 patris,
827 4235 857 4300 si
913 4235 1037 4300 debere
1062 4235 1227 4324 Valeriani
1251 4239 1390 4323 junioris
1413 4231 1458 4325 id
1473 4263 1577 4330 genus
1601 4269 1661 4312 nu·

105 4347 266 4423 mactata
286 4343 470 4422 jurentuts‘s
497 4359 615 4404 numos
645 4335 767 4402 demas·
804 4339 856 4402 An
912 4357 1004 4415 suos,
1034 4337 1091 4422 qai
1113 4353 1188 4404 octo
1209 4339 1299 4424 ipsus
1321 4363 1422 4406 annos
1444 4365 1503 4408 seu
1525 4346 1657 4426 Caesar,

108 4464 178 4508 nun
198 4443 254 4510 rel
274 4445 340 4508 hoc
360 4463 428 4506 unc
449 4443 656 4506 manifestam
678 4438 731 4519 lit,
758 4439 856 4511 Vale·
912 4458 972 4502 seu
1001 4438 1168 4522 Augustus
1207 4461 1353 4506 summae
1386 4443 1438 4508 rei
1471 4447 1658 4534 praefuisse

106 4547 236 4611 manum
257 4565 324 4608 uon
345 4541 449 4608 fuisse
471 4547 627 4608 sociatum
645 4541 757 4619 fratri,
774 4561 855 4628 quo·
910 4529 1040 4606 fertur?
1063 4542 1186 4606 Contra
1207 4543 1337 4608 accidit.
1361 4547 1494 4632 Ereptis
1516 4549 1658 4636 imperio

106 4646 195 4714 niam
210 4644 299 4710 istud
316 4666 383 4708 nou
402 4657 569 4710 cessarent
586 4641 779 4730 praedicare
794 4664 854 4710 nu·
908 4643 1052 4730 primunt
1074 4641 1249 4724 Salonino,
1270 4640 1391 4710 deinde
1408 4647 1585 4718 Valeriano
1606 4670 1657 4716 se·

206 4750 297 4829 (rot
322 4745 413 4830 νη.)
1386 4745 1466 4812 ttt
