4220 5504
806 489 837 562 L
899 481 1227 563 SEPTlllIIVS
1278 485 1563 564 SEVERVS.

776 671 796 712 o
1424 675 1430 682 ·
1574 671 1595 716 s

696 717 711 752 1
859 717 875 752 U
1492 717 1512 756 st

558 781 598 840 Vt
619 779 668 840 tlt.
687 779 726 839 B.
1358 778 1400 838 Vt
1420 777 1469 841 Iit.
1488 781 1525 838 B.

411 885 588 956 VICTOR.
613 881 766 948 SEVER·
791 875 888 944 AVG.
923 877 1068 938 Victoria
1080 893 1157 956 ym-
1210 873 1342 936 FIDEI
1365 877 1465 942 LEG.
1487 875 1582 941 COS.
1606 876 1647 940 II.
1679 877 1800 940 Mulier
1819 885 1912 938 etam
1930 880 1967 938 d.

411 995 512 1053 da’enc.
535 989 603 1049 AR.
630 985 724 1060 (Mus.
743 979 847 1056 Caes.)
1216 981 1433 1054 lucinianum,
1450 981 1646 1042 camillum.
1661 979 1731 1041 AR.
1751 979 1851 1055 (Mus.
1860 977 1970 1054 Caes.)

558 1092 599 1148 Vl
620 1089 668 1147 lit.
686 1085 726 1145 D.
1359 1085 1401 1142 Vt
1420 1083 1469 1144 tlt.
1485 1083 1526 1142 A.

410 1189 588 1256 VICTOR.
620 1183 733 1251 IVST.
763 1177 867 1248 AVG.
909 1179 1052 1242 Vtctorta
1080 1197 1157 1258 μνα-
1212 1181 1247 1243 S.
1271 1183 1307 1244 P.
1331 1180 1373 1277 Q
1395 1183 1436 1245 R.
1458 1179 1644 1246 OPTIMO.
1676 1181 1880 1244 PRINCIPI.
1901 1184 1967 1243 Ina·

412 1299 514 1357 cidens.
539 1293 605 1352 AR.
629 1291 725 1368 (illus.
744 1285 850 1360 Caes.)
1212 1295 1342 1358 amator
1367 1305 1461 1366 eques
1479 1287 1700 1368 pactflcatoris
1724 1286 1852 1346 tabem.
1892 1285 1968 1348 AR.

471 1392 650 1473 Vtriusque
669 1385 766 1468 hujus
786 1383 878 1444 numi
894 1403 990 1466 supra
1012 1379 1046 1442 in
1061 1379 1157 1464 Nigri
1216 1387 1313 1462 (llus.
1332 1385 1438 1462 Caes.)
1620 1467 1623 1474 .

414 1506 545 1558 monela
573 1488 708 1552 tuemini
732 1485 772 1547 ad
786 1505 920 1546 numum
943 1482 1157 1566 inscriptum:
1278 1485 1342 1548 Hic
1361 1507 1495 1561 numus,
1526 1485 1679 1571 quoniam
1697 1499 1832 1570 praeter
1848 1505 1969 1549 consu·

1656 716 1677 757 C

295 1638 304 1650 =
407 1591 589 1662 VICTOR.
613 1589 724 1656 IVST.
746 1586 866 1660 AVG.,
900 1584 1055 1646 nimirum
1071 1581 1156 1645 utin
1213 1587 1315 1650 latum
1331 1589 1372 1651 II.
1399 1585 1493 1649 aliam
1519 1601 1629 1650 notam
1651 1575 1854 1662 nonoffcrt,
1889 1605 1968 1669 pro·

408 1685 1075 1774 hujusnumissrequentcuadvertimus,
1100 1686 1157 1746 Se·
1213 1689 1336 1752 ulmum
1367 1695 1465 1751 etium
1498 1689 1703 1774 septennium
1740 1709 1808 1750 non
1837 1687 1966 1750 abnuit.
2077 1720 2083 1733 ·

410 1817 530 1870 verus,
555 1815 629 1856 cum
649 1789 805 1854 adversus
822 1787 1068 1860 cembellum,
1090 1805 1155 1846 non
1211 1790 1402 1874 Epigraphe
1427 1811 1560 1855 aversae
1586 1810 1683 1876 quam
1702 1809 1803 1854 ves-ax
1830 1789 1865 1850 in
1885 1791 1969 1851 'l'ra-

409 1898 649 1960 minusnumos
674 1894 800 1967 nemis,
832 1911 928 1974 qaam
946 1907 1034 1949 arms
1056 1886 1155 1948 armIs
1212 1892 1308 1975 juno,
1339 1913 1356 1954 u
1386 1913 1451 1976 quo
1472 1915 1510 1956 ea
1535 1907 1627 1978 capta
1656 1905 1723 1968 est,
1750 1906 1815 1956 tam
1841 1889 1876 1952 iu
1907 1891 1969 1952 Se-

411 1997 575 2082 cpposuit.
607 1993 672 2056 Sed
693 1993 1006 2078 horumplerosque
1029 1989 1064 2050 in
1087 2007 1156 2051 mo·
1215 2013 1294 2058 vcro
1322 1993 1481 2072 mendax,
1513 1995 1607 2080 cujus
1627 2009 1756 2058 atroces
1779 2011 1818 2056 ac
1843 1989 1969 2056 crude-

408 2113 485 2163 ucta
508 2097 583 2160 unni
604 2083 769 2180 sequentis
786 2093 997 2157 intuebimur.
1212 2093 1262 2157 les
1289 2115 1398 2162 moses
1423 2097 1539 2160 saltem
1563 2095 1680 2182 primis
1698 2093 1835 2182 Imperii
1868 2093 1963 2156 annis

470 2197 604 2283 Reliqui
627 2198 723 2281 hujus
740 2195 816 2260 anni
841 2193 933 2260 numi
964 2192 1078 2260 obvios
1099 2191 1169 2256 ha·-
1211 2197 1345 2283 cogniti

407 2305 616 2388 lacnttylos.
1496 2343 1516 2382 .
1579 2297 1598 2336 *
1661 2342 1682 2380 0

1357 2405 1399 2464 Vt
1416 2405 1465 2466 lit.
1481 2411 1523 2466 A.

574 2511 610 2570 V.
637 2509 666 2568 C.
689 2513 763 2571 ott.
785 2505 821 2564 P.
843 2505 885 2566 X.
910 2509 979 2568 tet.
1209 2505 1340 2568 BONA.
1365 2505 1482 2566 SPES.
1500 2499 1719 2566 wBONAE.
1743 2499 1855 2564 SPEI.

516 2614 580 2673 ΤΗ.
603 2615 638 2671 Ρ.
661 2611 705 2669 lt.
730 2607 818 2668 COS.
843 2607 885 2666 11.
907 2605 996 2666 ΙΜΡ.
1019 2602 1049 2664 1.
1212 2606 1329 2669 BONI.
1353 2603 1599 2673 EVENTVS..

406 2715 527 2776 Seuero
543 2718 627 2792 Any.
645 2711 688 2770 11.
706 2709 744 2770 D.
763 2709 848 2770 Clod.
866 2709 983 2768 Albt'no
1002 2707 1088 2767 eaeo.
1107 2705 1152 2766 11.
1213 2708 1386 2769 CERERI.
1409 2705 1542 2774 FRVG.

744 2827 811 2869 cos.
1210 2808 1397 2870 FELICIT.
1422 2807 1622 2871 TEMPOR.

1008 2979 1015 2995 ·
1207 2909 1405 2976 FOR'l'VN.
1429 2909 1590 2976 REDVC·
1702 2925 1705 2932 ’

469 3011 670 3085 Pescennius
682 3007 969 3090 hostisjullicatnr.
992 3007 1153 3088 Byzantii,
1211 3011 1404 3076 INVIC'l'O.
1427 3013 1515 3072 IRP.
1541 3005 1731 3072 TROPAE.

405 3115 495 3202 quod
515 3115 554 3174 ab
572 3111 635 3173 hoc
649 3109 748 3183 stetit,
771 3107 937 3170 celebrem
949 3107 1154 3172 ohsidionem
1213 3113 1316 3182 lovl.
1339 3115 1468 3178 PRAE.
1491 3109 1633 3175 ORRIS.

408 3217 552 3280 Severus
576 3211 713 3273 orditur.
758 3207 958 3296 Aemilianus
980 3209 1154 3271 Pescennii
1211 3217 1347 3278 MART.
1372 3213 1549 3280 VICTOR.

338 3373 343 3380 .
407 3315 473 3379 dux
499 3313 538 3375 au
560 3311 718 3394 Cyzicum
742 3309 810 3372 acri
825 3307 950 3392 praelio
968 3323 1152 3392 superatur,
1211 3319 1361 3379 llllNER.
1377 3315 1493 3384 VICT.
1510 3313 1580 3378 vel:
1606 3310 1761 3373 MINER.
1779 3309 1961 3376 VICTOR.

407 3431 440 3478 et
465 3411 645 3487 occiditur,
669 3431 800 3472 rursum
826 3409 930 3471 altero
952 3411 1152 3475 Pescennius
1210 3417 1325 3480 idest:
1358 3421 1522 3481 Minervae
1547 3419 1726 3488 Victoriae,
1757 3433 1844 3496 quae
1862 3415 1962 3476 Grae·

405 3517 477 3598 ipse
492 3512 756 3598 propeNIcaeam
775 3511 897 3586 victus,
920 3523 1017 3596 atquc
1031 3512 1153 3576 iterum
1210 3521 1257 3583 cis
1287 3517 1374 3583 dicta
1399 3531 1467 3594 est,
1492 3517 1601 3592 Αθηνη
1620 3513 1721 3590 Nasu,
1753 3514 1878 3600 alequa
1898 3516 1966 3598 egi·

406 3617 448 3680 ud
461 3617 564 3678 sinum
578 3611 733 3688 lonicum,
756 3613 790 3673 in
807 3611 884 3698 Iuga
896 3613 1034 3697 capitur.
1057 3615 1153 3679 Caesi
1209 3641 1282 3682 mus
1299 3621 1332 3680 in
1353 3633 1483 3682 moneta
1498 3619 1712 3682 Athenarum.

404 3732 503 3802 ceput
521 3719 664 3780 severus
679 3714 873 3796 Byzantium
897 3713 996 3779 mittit
1019 3715 1152 3801 oppide-
1207 3721 1377 3783 MONET.
1405 3721 1507 3792 AVG.

406 3819 457 3882 nis
479 3817 622 3881 ostentui
639 3815 784 3880 futurum
801 3817 841 3896 ι).
906 3857 910 3876 .
1206 3824 1380 3884 ΡΙΕΤΑΤ.
1403 3823 1504 3890 AVG.

1207 3922 1386 3990 VICTOR.
1409 3925 1511 3990 AVG.

404 4023 442 4082 A.
550 4017 637 4080 lMP.
651 4021 744 4081 CAE.
756 4021 794 4080 L.
806 4017 898 4080 ssst’.
915 4018 1147 4085 SEVPERT.
1270 4027 1354 4108 Typi
1378 4026 1412 4084 in
1439 4023 1591 4088 omnibus
1616 4023 1668 4087 his
1686 4023 1811 4102 iidem,
1840 4028 1901 4112 qui
1926 4029 1961 4088 in

544 4117 645 4187 AVG.
666 4119 760 4182 COS.
779 4121 818 4180 II.
845 4123 945 4198 Caput
958 4121 1147 4198 laureatum,
1204 4127 1493 4191 numisPescennii
1508 4127 1852 4212 similiteuinscriplis.
1877 4129 1963 4190 Sunt

545 4227 582 4282 ἐπ
597 4225 668 4284 AV.
685 4234 718 4283 et
734 4223 801 4282 AR.
1206 4247 1319 4290 omnes
1335 4231 1402 4292 AR.

403 4325 440 4382 B·
549 4323 635 4383 IMP·
650 4323 744 4386 ΒΑΕ.
756 4325 793 4382 1..
813 4321 1147 4387 suesuvfflnnu.
1266 4331 1395 4392 Horum
1409 4349 1583 4393 numorum
1603 4331 1868 4414 explicationem
1884 4329 1959 4392 vide

545 4423 644 4488 AVG.
677 4426 986 4500 Cupatluurectunt‚
1018 4427 1053 4484 s'u
1072 4427 1143 4488 AV.
1203 4428 1236 4490 iu
1261 4445 1390 4493 moneto
1408 4433 1602 4507 PoscennR,
1629 4453 1699 4516 quo
1718 4433 1798 4495 loco
1828 4431 1873 4494 de
1898 4431 1961 4496 laec

546 4533 579 4584 ee
595 4525 663 4583 AB.
1204 4529 1373 4616 utriusque
1392 4533 1602 4617 imperatoris
1619 4553 1798 4596 numerum
1822 4553 1963 4598 concor·

439 4757 470 4823 a)
492 4749 564 4816 Dio,
583 4743 740 4804 Herodian.
760 4744 908 4820 Spartiau.
928 4745 958 4804 iu
978 4749 1056 4809 Pesc.
1077 4753 1224 4814 etcher.
