4220 5504
624 371 908 482 ‘cucolvs
958 407 1231 483 Αιιιιιιε.
1384 455 1389 464 ·
1636 411 1704 496 ιιι

156 607 271 682 posset
289 604 488 678 permutatos
506 590 675 664 matrices,
708 603 741 654 ct
758 611 831 656 curu
853 612 905 656 ca·
1088 596 1195 658 Numi
1214 595 1381 656 commotis
1397 595 1571 674 peregrini.

154 703 224 785 pite
240 695 353 759 Albini
381 693 570 776 conjunctas
590 713 721 756 aversas
746 694 787 755 ad
805 695 905 756 Seve-

154 821 230 864 rum
246 798 473 882 pertinentes,
501 813 617 859 verum
634 794 771 858 inomni
790 793 906 868 Severi
1028 800 1158 860 Vrbium
1180 800 1486 886 liberorumuumos
1510 795 1588 862 Side
1614 801 1759 864 Puer·
1889 829 1895 836 ·

156 913 290 963 moneta
326 897 407 962 mihi
438 890 573 982 cognita
606 895 730 958 similes
768 914 902 960 aversae
961 896 1112 982 phyliae‚
1135 911 1168 962 et
1187 897 1345 978 Smyrnae
1371 897 1514 982 signatos
1534 919 1708 964 conserva·

155 1001 472 1086 nonreperiuntur,
505 998 692 1080 mirumque
719 995 903 1068 foraneus
964 1000 1008 1064 rit
1028 998 1245 1076 Voillontius,
1283 995 1342 1060 secl
1364 1017 1438 1060 cum
1466 1000 1572 1084 capito
1594 1001 1706 1066 Albini

156 1105 192 1166 in
215 1103 333 1165 Severi
361 1099 468 1164 nuruis
491 1097 677 1182 deperditas
710 1117 844 1174 omues,
872 1109 905 1158 ct
963 1102 1130 1178 Caesaris,
1153 1099 1389 1184 nonAugusti3
1411 1120 1485 1162 nam
1505 1103 1621 1166 cum-is
1641 1106 1707 1186 pri·

160 1217 370 1269 conservatas
385 1215 508 1264 tantum
534 1201 566 1262 in
585 1190 692 1260 numis
709 1197 839 1274 Albini,
864 1197 904 1258 ad
962 1223 1052 1264 mum
1068 1204 1155 1266 huno
1170 1202 1300 1264 titulum
1323 1201 1472 1286 recepit,
1496 1202 1536 1266 ab
1556 1203 1707 1266 omnibus
1803 1207 1805 1228 '

158 1325 258 1390 quom
281 1325 339 1368 eae
366 1323 433 1366 nou
459 1303 634 1386 pertinent
666 1298 755 1394 Quid
777 1297 904 1382 igitur?
962 1303 1159 1388 provinciis,
1201 1300 1333 1385 dempta
1357 1303 1543 1380 Britannia,
1578 1305 1705 1381 Gallia,

158 1427 200 1470 sn
227 1406 355 1490 spurios
382 1403 494 1468 dicere
522 1399 697 1486 expediet?
724 1401 773 1475 ls,
806 1417 904 1483 quem
962 1419 996 1466 et
1013 1403 1186 1466 Germania
1211 1402 1314 1465 hostis
1342 1405 1475 1467 volente
1494 1405 1624 1468 aemulo
1648 1406 1707 1468 Se·

156 1529 198 1570 es
222 1507 337 1571 siruseo
362 1508 524 1580 Caesareo
559 1501 740 1586 descripsi,
779 1497 904 1562 fraudis
960 1505 1217 1589 ucrojudicatus
1236 1518 1298 1571 est.

155 1609 342 1694 suspicione
358 1605 511 1668 immunis
529 1602 676 1680 ridetur,
701 1615 799 1685 atque
817 1599 905 1663 simi·
1025 1609 1226 1669 Coloniarum
1246 1605 1338 1667 numi
1359 1603 1465 1670 adhuc
1489 1607 1615 1690 reperti
1640 1627 1707 1671 non

154 1711 222 1772 lem
240 1709 316 1772 citat
336 1707 435 1770 etiam
453 1703 697 1769 Mediobarbus.
721 1705 830 1771 Vnum
848 1700 904 1764 ad·
961 1721 1051 1783 sunt,
1092 1720 1124 1769 at
1146 1727 1213 1769 non
1237 1717 1432 1805 propterea,
1467 1708 1638 1790 quoniam,
1670 1724 1706 1774 ut

157 1811 205 1872 dit
238 1829 387 1872 museum
409 1807 654 1870 Farnesianum.
702 1809 768 1868 Res
793 1803 902 1889 digno,
961 1821 1073 1874 censet
1092 1806 1305 1881 Vaillautius,
1328 1807 1494 1891 praesedit
1519 1809 1558 1870 iis
1575 1811 1707 1893 provin·
1839 1859 1844 1870 .

157 1913 189 1974 in
212 1931 308 1995 quam
324 1908 489 1992 inquirant
509 1908 550 1984 ii,
582 1907 700 1991 quibus
719 1906 899 1990 locupletia
960 1911 1037 1987 ciis,
1068 1909 1102 1970 in
1125 1908 1244 1993 quibua
1266 1908 1416 1972 coloniae
1441 1929 1556 1971 numos
1582 1909 1705 1972 cudere

156 2031 268 2074 musea
285 2023 417 2094 praesto
438 2023 522 2072 suut.
546 2011 645 2074 Certe
660 2008 718 2094 qui
739 2006 835 2082 illos,
865 2020 903 2072 ut
957 2033 1024 2076 nou
1045 2024 1138 2074 eraut
1155 2009 1291 2085 solitae,
1322 2029 1397 2070 nam
1413 2009 1571 2084 habemus
1587 2032 1704 2074 numos

156 2109 409 2187 describuntur,
433 2110 595 2194 explicet,
626 2123 749 2174 etcum
766 2107 901 2170 historia
962 2112 1059 2176 sides
1077 2126 1111 2175 et
1128 2113 1304 2194 Smyrnae,
1326 2109 1521 2172 etsiAlbino
1538 2132 1704 2196 nunquam

156 2213 328 2290 conciliet,
355 2225 410 2274 aut
435 2213 545 2274 nullus
575 2211 656 2289 erit,
684 2225 740 2306 aut
764 2229 900 2294 magnus
960 2233 1111 2297 paruere.
1135 2212 1300 2297 Stguere
1290 2211 1393 2306 igitur
1405 2231 1475 2292 epus
1491 2233 1633 2296 imagine
1648 2236 1706 2275 nu·

155 2313 290 2398 Apollo.
321 2316 403 2376 Nam
430 2313 493 2376 etsi
518 2311 664 2390 demus,
681 2332 739 2374 eos
760 2311 903 2395 signatos
960 2337 1033 2378 mos
1066 2325 1245 2399 potuerunt
1267 2314 1348 2377 licet
1383 2315 1509 2377 Severo
1532 2313 1704 2392 ohnoxiae,
1808 2349 1813 2358 ·

154 2437 189 2478 tu
205 2415 335 2492 Gallia
359 2413 583 2478 etAlbinum
574 2437 608 2476 m
624 2415 686 2478 hos
701 2413 814 2475 titulos
828 2430 905 2494 pro·
961 2435 1027 2477 non
1052 2430 1205 2499 tanquam
1218 2435 1359 2499 principi
1375 2429 1455 2490 suo
1477 2415 1537 2478 sed
1551 2429 1703 2500 tanquam

155 2517 226 2602 pris
237 2515 431 2582 auctoritate
445 2516 628 2591 involasse,
651 2528 760 2578 tamen
778 2514 824 2592 is,
848 2513 904 2596 qui
958 2515 1034 2594 illi,
1048 2536 1145 2602 quem
1156 2515 1257 2578 fuisse
1270 2517 1387 2581 Severi
1397 2519 1568 2580 Caesarem
1581 2516 1705 2580 diserte

154 2639 191 2682 se
215 2617 407 2706 pontificem
430 2619 624 2693 maximum,
648 2629 682 2682 et
701 2629 828 2699 patrem
849 2635 904 2697 pa·
961 2637 1003 2681 ex
1017 2616 1209 2681 Herodiano
1226 2631 1364 2681 testatur
1380 2618 1582 2700 Capitolinus
1599 2621 1640 2700 n),
1657 2620 1706 2680 ni·

154 2719 238 2782 triae
254 2719 355 2796 dixit,
387 2735 478 2784 certe
495 2719 593 2786 etiam
615 2719 649 2782 in
671 2719 905 2805 autioaAugus
960 2719 1080 2782 mirum
1112 2740 1175 2806 qua
1209 2717 1337 2782 ratione
1357 2719 1471 2790 Aelius
1497 2719 1560 2780 fuit
1585 2721 1705 2782 Caesar

153 2837 239 2886 stum
257 2842 330 2886 sese
349 2823 557 2908 appellasset.
958 2820 1136 2896 Hadriani,
1166 2819 1320 2882 Aurelius
1337 2821 1446 2888 Verus
1472 2819 1627 2884 Antonini
1651 2821 1703 2881 Pii

528 2923 548 2961 *
958 2936 1042 2998 eto,
1074 2940 1213 3006 quorum
1235 2919 1402 2996 omnium,
1425 2933 1459 2983 et
1479 2920 1611 3001 nomine
1634 2922 1705 3005 qui·

296 3027 385 3088 lMP.
415 2967 536 3090 cies.
560 3025 602 3091 D.
631 3025 730 3092 cto
755 3027 898 3092 ALBIN.
957 3025 1033 3088 dem
1056 3023 1218 3096 Caesaris,
1258 3015 1417 3084 habemus
1442 3042 1559 3085 numos
1588 3023 1622 3084 iu
1649 3043 1704 3086 co·

296 3126 397 3194 AVG
421 3129 522 3203 caput
536 3130 725 3191 laureatum
959 3127 1057 3190 louiis
1078 3142 1209 3210 quoque
1227 3122 1381 3205 signatos

154 3231 271 3298 Vter.
292 3260 306 3275 ·
326 3259 341 3274 ·
363 3261 378 3278 ·
398 3225 493 3292 COS.
516 3227 540 3291 l.
567 3231 712 3292 Victoria
725 3234 830 3293 armis
853 3233 909 3292 ιἰι-1
1022 3228 1231 3300 Antiocheni,
1261 3235 1295 3286 et
1309 3224 1528 3287 Alexandrini
1544 3223 1623 3288 item
1648 3223 1703 3286 do·

156 3327 265 3396 sidens
281 3333 458 3409 11·de
476 3351 615 3406 rumam,
638 3353 664 3393 s.
686 3335 829 3412 clypeam
851 3353 902 3394 ιιι·
959 3330 1162 3394 siderentur.

148 3457 209 3515 por
223 3447 324 3515 geno?
341 3431 411 3494 AR.
437 3432 539 3510 (Mus.
556 3433 667 3514 Coeo.)

219 3535 285 3598 Hic
302 3552 421 3594 numus
447 3545 497 3595 est
512 3533 744 3617 integerrimus
762 3533 902 3618 demptis

152 3639 281 3722 sliquot
297 3633 404 3697 literis
426 3653 462 3694 το
477 3635 590 3701 ἯΟΤ.
613 3635 901 3718 consequentibus.

155 3741 245 3804 Male
262 3733 429 3806 ,cohaeret
453 3747 591 3821 utraque
614 3737 705 3799 numi
728 3759 814 3822 pars.
845 3739 903 3799 Et·
1238 3751 1424 3827 sapam,

154 3843 244 3908 enirn
261 3835 368 3900 antica
386 3849 436 3898 ost
450 3837 606 3922 Augusti,
636 3857 750 3904 aversa
765 3851 903 3924 propter

153 3943 359 4009 consulatum
374 3941 516 4027 primum
534 3943 692 4008 Caesaris.
714 3941 814 4007 Credi
827 3961 902 4026 pos·
1022 3939 1150 4001 Nomen
1165 3936 1316 4016 Septimii
1332 3931 1366 3993 in
1378 3929 1490 4018 Albini
1506 3944 1635 3995 moneto
1650 3952 1702 3996 re·

153 4061 226 4122 set,
266 4043 360 4108 binas
394 4044 547 4110 matrices
573 4045 747 4109 monetarii
776 4041 901 4106 iucurio
959 4039 1057 4124 liquis
1073 4037 1220 4100 additum
1241 4033 1587 4116 constanter-legitur.
1619 4036 1701 4098 Cum

153 4149 245 4212 male
277 4151 380 4214 fuisse
414 4148 630 4232 compositos,
673 4164 790 4210 verum
816 4143 901 4207 hene
959 4160 1079 4204 nomen
1104 4137 1192 4201 istud
1223 4136 1393 4224 proprium
1425 4133 1528 4196 fuerit
1563 4133 1700 4208 Severo,

154 4271 304 4318 aversam
329 4253 364 4314 in
387 4252 479 4316 nullo
494 4247 606 4312 Albini
628 4246 735 4312 adhuc
753 4245 902 4312 Caesaris
959 4241 1088 4328 colligit
1107 4238 1338 4304 Tillemoutius
1353 4233 1405 4318 1ι),
1427 4235 1580 4301 Albinum
1601 4261 1620 4302 a
1644 4239 1702 4302 Se·

155 4374 257 4419 numo
281 4353 403 4438 reperi.
435 4351 601 4435 Scriptum
618 4351 712 4415 COS.
733 4351 758 4412 l.
779 4348 902 4436 legitur
959 4366 1039 4412 vero
1059 4364 1126 4406 nou
1145 4339 1378 4405 mododictum
1402 4341 1701 4416 fuissecaesurem,

155 4458 254 4521 otium
269 4455 306 4517 in
322 4455 490 4519 nonnullis
506 4453 624 4518 Soteri
640 4453 757 4516 rumis.
960 4448 1019 4513 sed
1042 4447 1138 4509 etiem
1167 4442 1364 4527 adoptatum.
1403 4442 1577 4526 ingeniose
1599 4441 1698 4508 istud.

1118 3571 1316 3638 Nomina,
1347 3585 1395 3628 oc
1416 3565 1552 3628 tituli.

191 4691 226 4762 a)
245 4687 276 4746 iu
295 4685 407 4750 Albino
425 4703 451 4744 e.
471 4698 500 4745 t.
575 4680 610 4755 b)
629 4680 660 4740 iu
680 4679 788 4742 Severo
808 4698 873 4758 pag.
894 4692 940 4748 30.
