4224 5506
642 497 853 578 DlDlVS
900 499 1209 578 lvntthe

288 681 450 784 llLllll.
473 678 572 750 tvc.
593 688 698 768 ,Caput
717 688 897 750 laureatum

291 789 328 852 ln
347 789 422 850 AB.
443 789 473 850 1.

433 931 453 970 e
598 929 618 971 a

145 987 375 1057 CONCORD.
403 989 682 1053 reluctanter
707 1001 798 1055 etam
825 1012 895 1054 eum

145 1094 562 1174 biniaripniamilitoribee.
583 1092 654 1160 AV.
662 1093 732 1156 AR.
742 1091 810 1157 ΔΕ.
819 1092 843 1153 Ι.
855 1093 894 1153 ll.

146 1197 255 1278 (Mus.
277 1191 386 1272 Coeo.)

144 1299 186 1364 P.
210 1299 256 1360 ll.
280 1297 350 1356 TR.
372 1295 408 1354 P.
432 1290 527 1356 COS.
551 1297 668 1357 Meter
682 1305 773 1358 etam
790 1297 823 1356 d.
838 1316 896 1374 qe-

146 1399 356 1484 bernacolom
364 1439 373 1471 ‚
388 1418 414 1459 e.
427 1387 647 1477 comeeopioe.
661 1397 729 1467 AV.
739 1397 809 1459 An.
825 1396 894 1458 AE.

147 1501 176 1564 l.
198 1501 239 1560 ll.
254 1492 364 1577 ’(Μιιε.
380 1497 488 1572 Caes.)

148 1599 344 1680 necron.
373 1598 517 1662 ORBlS.
568 1602 745 1678 Imperator
770 1600 895 1662 oelotoa

147 1715 260 1777 atem,
282 1705 334 1776 (in
348 1704 458 1762 aeneia
472 1705 599 1777 redono)
619 1705 650 1762 d.
664 1703 803 1782 plebem.
826 1701 895 1767 AV.

148 1807 220 1868 Art.
237 1805 306 1867 AB.
326 1803 350 1862 l.
374 1803 476 1880 (Mus.
493 1795 622 1882 Caes.)'

213 1908 285 1968 Hoc
304 1902 392 1964 solos
409 1902 524 1964 loliani
539 1903 661 1985 probae
677 1901 755 1964 fidei
778 1923 895 1963 numos

148 2007 238 2070 nori.
261 2005 391 2080 Alium,
429 2005 488 2066 sed
512 2003 568 2088 qui
596 2004 702 2068 media
726 2004 776 2066 aui
801 2017 895 2087 parte

151 2107 194 2172 etl
214 2107 402 2170 Scantillam
419 2105 578 2190 pertinet,
600 2105 634 2167 in
652 2106 747 2190 hujus
765 2118 895 2167 moneta

150 2208 309 2276 recitabo.
361 2209 412 2269 Ex
443 2207 533 2268 omni
565 2206 635 2290 ejua
662 2219 794 2272 moneto
832 2206 897 2268 soli

149 2310 242 2374 numi
259 2309 419 2394 postremi
440 2328 501 2394 per
528 2308 775 2393 inscriptionem
795 2309 897 2370 REC-

150 2411 255 2478 TOR.
277 2409 409 2474 omits
428 2411 678 2486 memorabiles,
703 2429 785 2495 quae
810 2428 896 2473 nunc

152 2514 294 2598 primum
316 2513 477 2588 occurrit,
509 2534 527 2574 a
553 2511 664 2598 paucis
688 2509 826 2574 subinde
846 2531 898 2573 re·

149 2627 278 2679 vocata.
308 2616 380 2696 Ipsa
403 2633 463 2696 por
484 2634 520 2676 ee
544 2628 641 2700 captu
662 2613 769 2678 facilis
794 2613 898 2700 expli·

151 2715 278 2778 catione
291 2735 357 2777 non
373 2727 460 2800 eget.

281 2939 382 3000 Nemi
401 2941 567 3001 commotio
582 2941 757 3020 perveniet.

212 3120 250 3184 ld
268 3141 372 3206 genus
393 3121 485 3184 numi
504 3121 610 3186 adhuc
634 3143 701 3186 ιιοιι
718 3121 893 3200 observati,

149 3223 213 3286 nisi
222 3224 310 3308 quod
320 3245 427 3309 nuper
439 3245 523 3287 unus
533 3225 692 3288 Sestiniue
703 3245 816 3287 eorum
828 3239 896 3288 tres

149 3327 313 3410 vulgavit,
352 3348 453 3389 unum
478 3327 628 3390 coloniae
651 3328 815 3411 Apameae
840 3325 895 3390 Bi·

126 3406 281 3508 *nynne
299 3430 345 3508 ι),
394 3427 642 3521 epimonem
678 3429 810 3508 canae,
861 3443 895 3493 e

148 3529 405 3594 Alexandrinum
421 3527 466 3610 ¹³).
511 3530 579 3594 Sed
602 3533 721 3598 horum
749 3531 894 3598 omnium

149 3647 333 3716 anapectam
358 3630 457 3696 fidem
480 3647 570 3718 puto.
598 3633 702 3712 vide,
724 3653 808 3719 quoe
827 3629 895 3695 dixi

147 3737 182 3798 in
193 3735 301 3799 numia
310 3733 540 3800 Alexandrini·
551 3733 695 3799 Achillei
708 3733 837 3818 tyranni
853 3733 893 3816 ⁰).

318 3951 507 4036 Nomina,
534 3973 581 4023 oc
606 3950 722 4024 ticoli.

337 4157 491 4236 Scaenae,
515 4153 709 4218 commodos.

211 4339 326 4402 Seven·
333 4357 454 4404 nomen
464 4335 608 4440 coacepit
618 4336 659 4402 ab
671 4355 744 4414 avo,
760 4311 896 4452 etprop‘·

148 4455 209 4515 rc,
244 4452 282 4504 ut
308 4441 354 4506 nit
378 4429 626 4526 Spartianuad).
668 4438 737 4504 sed
767 4458 827 4502 cer
856 4437 896 4516 ia,

148 4585 274 4604 —u—

187 4673 354 4746 n)1.ettere
372 4674 455 4731 Tom.
470 4675 521 4735 Ill.
541 4696 572 4753 p.
590 4685 633 4740 13

715 4669 1052 4749 b)LettereTcm.1V.
1134 4673 1165 4748 c)
1184 4671 1253 4738 Vol
1267 4672 1319 4739 IV
1337 4693 1369 4755 p
1383 4678 1431 4750 96

1625 531 1695 610 149

952 685 1042 770 quod
1065 707 1146 772 prae
1172 685 1321 752 manibus
1349 685 1466 768 habet,
1502 710 1543 758 ex
1565 710 1696 763 remoto

951 786 1052 870 petit,
1082 807 1156 850 cnm
1181 789 1297 851 eodem
1319 803 1403 851 teste
1433 805 1467 854 et
1484 809 1578 879 pater
1596 801 1697 866 Seve-

951 907 1008 947 rus
1027 885 1134 951 dictus
1151 887 1217 954 eit?
1246 887 1346 956 Addit
1363 891 1480 958 eodem
1495 896 1589 964 loce:
1620 899 1707 966 eum'

953 989 1067 1052 conoul
1083 989 1270 1078 designatus
1281 996 1585 1064 etdeomtottanem
1601 1007 1697 1084 impe·

952 1101 1089 1154 retorem
1098 1091 1227 1158 incuria
1238 1094 1476 1178 proclamaret,
1492 1106 1696 1188 euggaosiese

952 1191 1131 1256 lulianum:
1153 1199 1452 1274 neocosmum,
1477 1203 1565 1284 quod
1578 1206 1696 1270 ominis

952 1291 1055 1354 instar
1074 1293 1220 1357 habitum
1237 1296 1308 1358 tuit.
1331 1299 1460 1360 Nomen
1478 1301 1564 1364 ietutl
1594 1287 1697 1370 omni-

951 1393 1012 1457 bu}
1027 1397 1137 1458 aeneio
1152 1397 1177 1458 1.
1197 1397 1323 1459 formae
1338 1398 1530 1484 inscriptum
1540 1405 1673 1488 legitur.

1013 1499 1172 1560 Commodi
1182 1508 1299 1561 no‘mcn
1308 1501 1434 1562 lulieno
1443 1503 1592 1570 indidere
1604 1529 1697 1592 prae·
1756 1513 1760 1518 ’

951 1596 1071 1661 toriani
1092 1617 1132 1660 ex
1149 1596 1269 1662 affectu
1287 1599 1319 1660 in
1341 1602 1525 1692 principem
1542 1607 1603 1671 sibi
1627 1631 1696 1674 mo·

928 1739 934 1748 ,
952 1697 1044 1760 ribus
1058 1697 1262 1762 simillimum
1279 1700 1320 1779 0).
1349 1701 1431 1786 Ejua
1455 1709 1620 1773 mentione
1641 1710 1695 1774 ab·

953 1797 1075 1861 atinent
1097 1801 1188 1862 numi
1209 1823 1227 1864 ιι
1247 1801 1328 1864 viris
1354 1799 1600 1893 circumspectio
1627 1813 1699 1878 rul-¹

954 1901 1029 1983 goti.
1060 1903 1097 1964 ln
1114 1903 1233 1966 horum
1247 1922 1386 1967 numero
1403 1908 1430 1969 si
1446 1910 1695 1975 Medioberbum

951 2002 1096 2086 putabis,
1116 1999 1697 2098 lulianumexnumiaqucqneCom·
1755 2011 1761 2016 ’
1815 2049 1818 2054 ·

953 2103 1086 2200 modum
1100 2105 1249 2171 habebis.

1264 2331 1376 2393 Piae.

1017 2504 1176 2582 ΕΤΟιβης
1185 2508 1304 2574 dieitur
1313 2512 1346 2574 in
1356 2515 1695 2597 numoAlcxendrino,

955 2611 1394 2694 quemvulgevitSestiniue,
1411 2617 1469 2680 red
1486 2616 1527 2682 de
1544 2642 1608 2706 quo
1622 2623 1697 2686 vide

955 2733 1064 2774 meum
1081 2711 1238 2792 judicium
1254 2716 1287 2777 in
1305 2715 1366 2780 hac
1385 2739 1559 2784 nemorum
1579 2723 1695 2789 classe.
1777 2767 1788 2780 ι

956 2816 1008 2876 Do
1028 2833 1128 2876 numo
1150 2815 1398 2898 Aphrodisiadis
1417 2841 1491 2883 cunr
1513 2821 1633 2885 eodem
1659 2825 1698 2886 ti·

951 2916 1022 2979 tulo
1032 2915 1142 2999 paullo
1161 2935 1258 3002 cupra
1275 2917 1412 3006 egimus.
1503 2971 1507 2980 .

1246 3141 1407 3206 Consul

1015 3319 1159 3382 Iulianus
1189 3321 1223 3386 ia
1251 3324 1360 3387 numia
1382 3326 1544 3394 'omnibus
1572 3333 1719 3416 probae·

950 3418 1029 3485 fidei
1046 3419 1141 3485 COS.
1161 3423 1356 3508 simpliciter
1383 3427 1589 3506 inscribitur;
1621 3457 1696 3497 nam

951 3521 1160 3586 Mediobardi
1177 3545 1310 3588 numum
1331 3528 1523 3615 inscriptum
1542 3534 1637 3598 COS.
1656 3538 1697 3597 11.

952 3623 1188 3722 negligendum
1214 3627 1378 3692 existimo.
1402 3634 1526 3695 Tamen
1545 3654 1586 3694 ex
1603 3638 1699 3720 Spar·-

952 3725 1030 3788 tiani
1060 3726 1273 3803 testimoniis,
1311 3749 1395 3812 quae
1424 3731 1458 3792 in
1483 3734 1627 3810 loliano,
1666 3751 1699 3800 et

953 3827 1079 3892 Severo
1097 3825 1217 3904 refert,
1241 3827 1385 3892 Iulianae
1403 3843 1471 3908 ter,
1501 3849 1557 3896 aut
1581 3836 1697 3898 saltem

833 3923 835 3928 ’
952 3927 1003 3991 bie
1027 3927 1188 4012 processit
1211 3929 1336 3992 consul.
1368 3932 1620 4013 Tillemontiuo,
1643 3939 1699 4024 qui

954 4029 1087 4092 dubium
1097 4029 1203 4106 istud
1227 4029 1286 4094 aed
1299 4031 1460 4097 incassum
1477 4037 1634 4121 expedire
1645 4061 1699 4103 eo·

930 4145 1068 4208 ¹natur,
1106 4131 1256 4195 incusare
1288 4133 1352 4198 hoc
1380 4133 1456 4201 loco
1485 4151 1521 4199 ut
1552 4153 1586 4202 et
1619 4142 1698 4204 nliao

953 4251 1071 4316 caepe,
1103 4232 1300 4317 scriptorum
1329 4236 1546 4302 eiciuntiam
1557 4243 1697 4328 cogitur,

954 4353 1094 4418 qnorum
1119 4335 1250 4398 residua
1271 4355 1373 4420 opera
1398 4337 1567 4404 historiam
1585 4347 1697 4430 Auge·

955 4449 1037 4501 rtem
1050 4434 1252 4521 componunt
1272 4440 1310 4520 l).

1518 4677 1555 4760 d)
1575 4681 1654 4760 capr
1668 4695 1695 4747 t·

152 4763 735 4842 ⁸)DioL.LXXlll.§tzllercdian·
827 4761 989 4842 otton-1
1009 4759 1213 4848 crismatum.
