4186 5492
557 461 890 564 BALRINVS,
916 467 1250 554 PVPIENVS..

129 639 311 720 Gordiani,
334 641 398 708 sisi
414 641 579 726 Caesaris,
603 663 699 734 caput
716 651 876 718 radiatum
934 671 1013 715 num
1032 649 1188 722 adversus
1203 655 1415 722 Maximinum
1426 659 1568 727 bellasse
1587 663 1688 750 loge·

128 757 313 821 temonem,
336 747 880 842 quooultnDiadumenianasquo-
933 767 997 842 ret,
1020 775 1104 819 mire
1113 756 1337 842 perturbatur
1352 775 1385 824 et
1396 783 1524 826 nescire
1535 765 1681 850 seproli

131 863 198 929 qne
213 845 247 908 in
261 845 430 912 nonnullis
449 851 557 914 numis
575 868 755 940 comparet.
933 857 1041 930 tetur,
1063 856 1151 920 unde
1164 877 1260 922 error
1275 857 1330 922 hie
1347 875 1441 924 natus
1458 863 1520 940 sit,
1540 871 1681 950 nicifor-

494 949 514 988 *
575 994 595 1036 0
934 963 984 1034 te,
1006 955 1065 1032 ait,
1088 959 1172 1020 idem
1188 961 1428 1039 estPupienus,
1450 967 1509 1046 qai
1527 973 1683 1034 etMaas'

277 1053 320 1111 Vt
339 1052 386 1111 Iit.
403 1057 444 1113 A.
464 1059 500 1114 et
512 1054 547 1116 0.
933 1077 1014 1118 mur.
1051 1059 1146 1135 Quod
1159 1061 1231 1126 ideo
1251 1070 1401 1124 testatum
1411 1069 1526 1142 posui,
1548 1088 1590 1130 aa
1607 1074 1681 1154 quis

128 1150 169 1212 P.
189 1150 484 1214 n.T1t.P..cos
502 1153 589 1214 1th
605 1155 644 1218 P.
660 1158 764 1217 variis
780 1159 876 1236 typis.
933 1177 983 1219 me
997 1161 1057 1220 hoe
1071 1161 1366 1238 nescirseerederst,
1387 1169 1477 1246 quod
1488 1188 1600 1260 reuera
1613 1192 1682 1234 ma·

127 1248 722 1336 Av.a1t.ass.t.tt.(nsus.caes.)
930 1279 1036 1340 poure
1053 1270 1230 1338 stuporem,
1252 1281 1293 1324 ae
1313 1261 1503 1327 miraculum
1523 1281 1613 1332 creat
1634 1271 1678 1352 b).

131 1353 404 1416 memorandi
423 1353 457 1414 hi
473 1355 562 1416 narni
581 1369 719 1441 propter
729 1355 824 1422 008.
835 1355 875 1418 ll.
934 1358 1026 1418 ldem
1043 1357 1177 1420 dubium
1193 1375 1330 1424 renovat
1349 1362 1382 1424 in
1394 1365 1539 1443 Maximo
1555 1383 1590 1433 et
1604 1372 1681 1436 Bal-¹

128 1449 544 1538 ‹lequainiresabtitulo
562 1461 688 1522 Consul.
933 1453 1012 1520 bino
1029 1459 1070 1539 θ.)
1093 1459 1241 1524 Tandem
1263 1462 1499 1528 sibiabols'tunr
1521 1481 1679 1551 streperem

218 1585 225 1594 ¹
935 1559 1134 1641 gratulatur,
1157 1582 1232 1625 oum
1247 1563 1400 1648 legeret
1390 1587 1423 1626 sn
1434 1569 1683 1648 Fortunatiano,

936 1658 1120 1741 Pupienum
1145 1659 1268 1725 dictum
1290 1667 1423 1728 nomine
1449 1648 1526 1748 suo,
1559 1693 1683 1758 eogno-

692 1805 694 1810 .
936 1759 1124 1824 minorare
1143 1775 1280 1845 paterno
1299 1765 1489 1844 Maximum.
1519 1771 1680 1836 Dubitare

202 1851 337 1944 Aliquot
354 1857 432 1923 item
452 1849 764 1936 arbiumlibe'rurum
781 1859 880 1926 tube·
936 1857 970 1922 in
995 1879 1034 1924 re
1056 1861 1151 1926 obvia
1177 1865 1323 1947 potuisse
1350 1867 1537 1948 hominem,
1566 1874 1683 1958 quiin
1814 1945 1818 1952 ,

134 1979 364 2036 muscanea,
386 1961 570 2048 interquos
596 1963 735 2026 eximius
754 1962 800 2040 is,
823 1963 879 2049 qui
936 1961 1241 2050 Constantininug.
1252 1969 1388 2050 gratiam
1406 1971 1487 2034 vitas
1505 1973 1681 2058 imperato·

133 2061 879 2148 signatasestapudAegosCilieiae'cumanno
936 2062 1176 2146 semetipsis,
1197 2065 1285 2128 istud
1313 2091 1423 2134 revera
1447 2095 1598 2157 mapsam
1617 2083 1682 2142 star·

135 2165 284 2248 epochae
304 2159 416 2240 CHA,
447 2165 503 2250 qni
522 2165 636 2250 incipit
663 2165 697 2226 in
723 2177 879 2229 autumno
932 2183 1043 2242 parem
1058 2168 1303 2232 aemimontum
1319 2182 1419 2234 creat

135 2267 176 2333 V
196 2267 231 2330 C
253 2285 327 2348 qao.
348 2269 502 2330 Coloniae
520 2267 635 2344 unius,
656 2261 879 2349 nempe'l‘yli,

135 2388 271 2432 numum
293 2369 430 2451 protulit
452 2367 652 2430 Pellesinius
668 2369 713 2450 Ι),
735 2371 885 2432 Alexan-

134 2471 225 2532 drini
243 2469 417 2550 admodum
439 2469 507 2532 rari
531 2481 622 2544 sunt,
644 2489 784 2554 qaorum
807 2468 884 2560 nul·

112 2589 116 2598 ’
135 2569 189 2632 ius
207 2571 359 2656 cognitus
383 2570 447 2634 tuit
463 2571 667 2635 Beaureisio.
706 2571 783 2634 Duo
805 2581 882 2634 sunt
999 2567 1211 2635 Recitaturin
1227 2593 1339 2638 museo
1351 2575 1686 2645 Parnasianoaeneus

269 1675 373 1738 Numi
390 1682 555 1743 commatis
572 1681 745 1761 pereqrini.

1174 2391 1258 2456 mro.
1275 2399 1429 2470 maestas.
1559 2371 1564 2390 '

7 2663 18 2678 '
135 2672 171 2733 in
187 2691 303 2736 museo
321 2673 501 2752 Caesareo,
523 2667 640 2759 plures
655 2671 882 2758 aliosrepeait
938 2668 963 2738 1.
987 2667 1134 2748 fernae,
1158 2687 1190 2752 et
1213 2697 1231 2738 a
1254 2676 1468 2757 Mediobarbo
1493 2695 1680 2766 argenteus,

845 2825 850 2836 ,
899 2825 904 2838 ,
937 2767 972 2840 in
990 2770 1108 2855 quihus
1130 2774 1270 2862 Balbino
1292 2776 1463 2841 confertus
1487 2781 1564 2846 trib.
1588 2795 1682 2867 pota·

939 2885 1004 2942 stas
1020 2873 1080 2949 11.‚
1104 2875 1160 2959 qui
1178 2875 1260 2938 aulea
1285 2877 1397 2940 iare-att
1419 2899 1534 2944 eorum
1552 2897 1683 2946 senten·

838 3031 843 3040 .
890 3035 896 3048 ,
937 2974 1024 3050 tiae,
1047 2975 1102 3059 q'ai
1125 2976 1304 3060 imperasse
1325 2979 1419 3046 illum
1446 3002 1519 3044 cum
1542 2984 1683 3070 conlega

939 3098 1205 3154 anaumpunum
1228 3079 1304 3161 quin
1329 3094 1361 3142 et
1384 3081 1466 3144 daos
1491 3083 1681 3150 adseruare.

1603 471 1686 632 sor,
1797 521 1800 528 ,

200 3181 392 3244 mrtem.
408 3183 556 3244 Deciates
576 3185 702 3246 Caelt'us
714 3169 882 3244 Balbinus.

137 3287 176 3346 ln
196 3282 317 3368 insigni
337 3279 558 3346 Alexandrino
580 3285 685 3347 musei
710 3282 880 3364 Caesareis

137 3387 181 3448 Α.
197 3383 240 3448 Κ.
258 3381 358 3447 ΛΕΚ.
373 3381 415 3448 Κ.
436 3379 767 3447 ΑΝ.ΒΑΛΒΙΝΟΟ.
787 3381 884 3448 CGB.

137 3489 268 3549 Nomen
287 3483 363 3548 ΑΝ.
390 3485 538 3570 aenigma
563 3497 633 3562 est,
655 3485 743 3570 quod
768 3505 882 3548 anton·

137 3587 297 3672 piendum
315 3587 357 3650 sit
380 3587 524 3670 legendo
543 3591 688 3663 Annius,
711 3587 768 3650 rel
782 3591 883 3650 Anto·

138 3693 257 3768 sss'rrrrs,
278 3689 332 3753 vel
343 3688 457 3764 aliter,
482 3688 526 3750 ab
540 3689 612 3752 aliis
630 3687 764 3752 edoceri
774 3686 882 3770 cupio.

204 3793 394 3854 PVPIENI.
420 3793 464 3852 Μ.
490 3794 617 3854 Clodius
631 3795 792 3871 Pupienus
814 3793 884 3851 Ma·

139 3889 267 3970 miror,
289 3891 398 3953 nnmis
415 3892 590 3976 perspicae
608 3891 801 3958 docentibus
817 3903 885 3952 tam

140 3994 289 4070 Latinis,
320 4012 401 4078 qnos
427 3992 586 4070 vidimus,
615 4013 712 4079 qnam
736 3992 888 4068 Graecis,

135 4095 174 4157 in
189 4093 308 4180 quibas
327 4097 373 4159 Μ.
392 4087 883 4161 ssotss1H.Mathoc.tn

938 3179 980 3241 At
996 3177 1062 3262 jam
1087 3199 1184 3261 supra
1208 3177 1241 3238 in
1258 3180 1436 3244 Maximino
1459 3183 1683 3266 probavimus,

937 3293 1005 3342 tres
1024 3279 1306 3358 circummunire,
1330 3301 1437 3368 neque
1453 3277 1602 3367 amplias,
1622 3285 1683 3350 ho-

938 3402 1011 3442 rum
1031 3381 1165 3443 durasse
1182 3383 1367 3464 imperium.
1401 3383 1511 3478 Quare
1528 3401 1683 3469 praestat,

938 3479 1000 3542 hos
1017 3503 1132 3544 numos
1152 3497 1207 3545 aut
1227 3483 1374 3566 spurios,
1397 3497 1452 3545 sut
1468 3487 1553 3549 male
1575 3489 1684 3554 lectos

940 3582 1107 3665 suspicari.
1132 3583 1319 3650 Certemihi
1335 3584 1459 3648 similes
1473 3587 1587 3651 videre
1603 3609 1685 3652 non-

940 3681 1019 3747 ‹lum
1044 3683 1147 3748 licuit.
1509 3699 1514 3708 '

1211 3908 1398 4008 'Consul

1002 4089 1175 4154 Balbinum
1194 4090 1227 4152 in
1244 4087 1429 4154 numisdiei
1445 4095 1613 4158 consulem
1630 4095 1686 4173 il.‚

137 4215 239 4258 numo
258 4195 372 4280 Siphai
388 4195 606 4282 (Theupoli),
629 4195 831 4260 assimiliter
849 4193 884 4256 in
937 4213 1143 4277 nequaquam
1170 4193 1311 4269 mirum,
1338 4215 1411 4256 nam
1437 4194 1487 4256 bis
1513 4215 1587 4260 enm
1608 4217 1686 4282 pro·

140 4295 382 4362 Alexandrinis.
415 4297 637 4382 Capitolinus,
659 4295 734 4362 com
751 4297 787 4358 in
811 4295 884 4359 aliis

28 4455 43 4478 ,
139 4393 358 4483 scriptoribus
379 4391 577 4476 Maximum,
597 4399 642 4460 ·in
670 4399 742 4462 aliis
766 4400 885 4483 Pupie-

173 4706 204 4778 ι)
218 4701 293 4761 Rae.
313 4700 351 4760 Π.
370 4720 398 4780 p.
417 4700 458 4762 V.

548 4701 584 4777 b)
602 4700 635 4760 in
653 4701 813 4760 Masisnino
830 4701 891 4778 jun.
911 4721 975 4779 esp.
995 4697 1049 4758 ult.

939 4295 1079 4360 cessisse
1097 4314 1211 4356 revers
1229 4307 1390 4358 testantur
1404 4295 1630 4406 Herodianusp
1651 4313 1685 4362 et

941 4396 1154 4481 Capitolinus.
1193 4396 1314 4487 Sedet
1330 4397 1496 4482 Pupienus
1520 4401 1555 4460 in
1578 4400 1685 4462 nuruis

1140 4703 1170 4774 o)
1191 4699 1263 4777 Cap.
1285 4702 1327 4766 16.

1376 4793 1522 4890 aas
