4264 5516
430 483 476 560 36
917 471 1286 552 ANTONINVS
1335 471 1488 552 PIVS.

421 683 540 728 annum
572 657 695 726 differt.
733 659 800 724 Sed
820 678 861 722 en
875 679 1008 720 numum
1027 659 1170 740 singula·
1208 663 1333 726 ..cnuaaj
1354 679 1417 720 oua
1447 678 1488 720 ex
1519 655 1702 740 potioribus
1744 654 1867 739 suerit3
1900 681 1974 720 narn

419 783 508 840 rem,
532 762 588 847 qui
608 759 881 846 seutentiselhuie
895 772 1067 843 repugnat.
1227 759 1351 842 ipsum*
1372 771 1539 821 certamen
1577 759 1836 844 quinquennale,
1884 759 1975 844 quod

561 861 936 930 efflorentem&
958 862 1166 928 Ptvs.1’.1’.
1226 860 1314 922 idem
1341 858 1531 942 Spartianus
1555 859 1595 924 ab
1618 859 1784 922 Antonino
1812 861 1846 922 in
1872 859 1976 924 hono·

558 966 646 1028 tttt‘.
669 963 764 1029 COS.
797 967 897 1040 Caput
912 965 1044 1026 nudum.
1080 1024 1085 1032 ,
1224 981 1296 1024 rem
1315 961 1421 1045 patris,
1440 961 1563 1022 mortui
1586 961 1735 1024 Puteolis
1758 961 1973 1024 coustitutum

420 1069 501 1128 Sine
528 1069 708 1148 epiqropie.
742 1068 861 1128 Mulier
881 1061 1002 1146 qrypko
1024 1069 1167 1134 curren&
1223 1064 1329 1128 reiert
1344 1063 1392 1142 ⁰),
1420 1065 1531 1126 Piolia
1565 1062 1688 1127 dictum
1714 1075 1784 1140 est,
1806 1077 1843 1124 ut
1860 1063 1973 1146 prodit

417 1171 571 1230 inridem-
612 1165 882 1234 AE.nrax.mod.
964 1225 967 1232 Δ
1147 1207 1151 1227 .
1223 1163 1470 1240 Artemidorus,
1501 1164 1557 1246 qui
1578 1177 1738 1236 memorat
1760 1157 1915 1238 erudire,
1940 1161 1974 1238 ὃς

479 1272 621 1331 Numunr
637 1267 723 1330 irunc
744 1267 917 1349 Vignoiius
931 1285 973 1330 ex
989 1287 1103 1332 museo
1113 1269 1167 1334 Fi·
1222 1262 1565 1347 μελλωνᾶιγωνιζεσθια
1573 1261 1859 1328 ΕΤΣΕΒΕΙΑτα
1871 1262 1973 1326 inira·

416 1371 544 1434 coronii
568 1369 767 1433 delineatum
797 1368 877 1432 stitit
894 1373 942 1451 ¹),
973 1370 1029 1454 qui
1059 1370 1086 1432 si
1102 1371 1166 1432 ain·
1223 1363 1503 1450 λιᾳᾶχθενταύπο
1529 1365 1846 1440 βωσιλεως·Αντωνιη
1869 1365 1920 1428 irre
1937 1387 1982 1446 τῳ

415 1491 511 1536 cerus
528 1485 596 1548 est,
619 1483 675 1533 aut
687 1469 750 1532 tite
771 1469 1012 1553 promulgatus,
1035 1469 1163 1552 liquido
1221 1461 1486 1546 πατριΑδριανῳ,
1505 1479 1700 1544 certatorem,
1717 1473 1775 1552 pai
1785 1490 1974 1550 proprem-

415 1571 588 1654 probabit,
620 1569 820 1642 Antoninum
844 1571 908 1652 jem
934 1571 968 1633 in
992 1573 1163 1638 consolatu
1222 1573 1410 1632 reseratio
1425 1573 1646 1644 emerere,
1668 1574 1799 1654 quaein
1817 1572 1922 1632 ltalia
1931 1574 1973 1630 ab

416 1677 461 1745 1..
500 1688 598 1758 etque
632 1671 715 1738 odeo
741 1689 824 1734 enno
843 1673 884 1738 V·
907 1671 946 1736 C.
975 1673 1033 1754 dor
1064 1673 1165 1756 petris
1224 1675 1973 1751 imperatoreAetoninoinhonorempotrirHa·

412 1776 537 1860 patriae
566 1775 667 1838 decus
690 1773 884 1856 suscepisse.
926 1773 993 1836 Sed
1020 1788 1166 1858 praeter·
1222 1776 1333 1834 drioei
1357 1784 1432 1836 octa
1455 1785 1529 1838 runt
1544 1771 1595 1854 ¹¹),
1624 1793 1706 1858 quae
1732 1774 1802 1857 ipsa
1828 1771 1861 1833 in
1886 1771 1971 1833 binis

411 1897 519 1960 quam·
537 1873 625 1960 quod
640 1895 754 1938 omnes
770 1875 845 1950 atii,
876 1895 914 1941 ac
931 1888 980 1938 tot
1008 1875 1164 1940 hactenus
1222 1876 1440 1938 marmoribus
1468 1875 1552 1958 apud
1580 1875 1793 1964 muratorium
1812 1873 1841 1952 ε)
1859 1873 1971 1936 dicun·

412 1977 540 2061 reperti
556 1977 648 2040 numi
670 1990 872 2061 repugnant,
896 1977 953 2060 qui
977 1977 1064 2040 buno
1088 1977 1163 2040 titu-
1220 1990 1276 2037 tur
1314 1971 1558 2042 ΕΤΣΕΒΕΙΑ.
1585 1974 1658 2037 EN.
1692 1967 1969 2049 ΠΟΤΙΟΛΟΙΣ,

410 2077 481 2140 lum
512 2075 564 2150 in,
585 2080 755 2142 consulatu
785 2079 809 2139 1.
840 2091 1028 2140 constanter
1067 2077 1161 2140 omit·
1219 2081 1331 2140 I’iaiio
1347 2081 1498 2140 Puteolis.
1517 2075 1863 2160 Easdemeoliatiejus
1882 2075 1969 2139 tituli

411 2189 503 2251 tunt,
533 2179 603 2262 ipre
623 2180 740 2264 capitis
764 2178 943 2262 epigraphe
965 2199 1031 2241 non
1048 2178 1159 2242 levem
1220 2199 1350 2254 causas,
1374 2200 1453 2264 quas
1471 2199 1512 2239 ex
1531 2178 1705 2261 Spartiano
1726 2175 1896 2252 dedimus,
1919 2198 1972 2240 re·

407 2294 466 2342 aut
492 2279 628 2356 andraee,
658 2293 713 2346 aut
741 2279 842 2350 falsae
876 2279 1027 2342 lectionis
1055 2281 1160 2364 auspi·
1217 2281 1301 2364 petit
1317 2281 1518 2366 Capitolinus
1541 2277 1567 2359 f)
1590 2279 1745 2364 additque
1763 2279 1856 2342 binas
1877 2279 1967 2354 alias,

409 2380 539 2446 cionem
564 2381 685 2460 injicit,
709 2383 762 2446 cui
788 2381 906 2444 similis
926 2381 959 2442 in
979 2381 1071 2444 nullo
1091 2403 1161 2444 om·
1218 2381 1273 2444 rel
1290 2382 1379 2468 quod
1396 2383 1612 2458 Hadrianum,
1635 2401 1710 2445 eum
1728 2381 1756 2442 is
1775 2380 1968 2443 interimere

408 2482 500 2542 nium
525 2503 684 2546 annorum
701 2483 858 2546 Antonini
890 2503 1009 2558 numo,
1037 2482 1157 2550 nedum
1218 2503 1255 2546 se
1286 2503 1366 2568 prae
1406 2484 1490 2546 ritae
1518 2484 1627 2546 taedio
1653 2495 1801 2566 pararet,
1840 2481 1968 2566 ingenti

410 2583 598 2646 consulatus
615 2585 639 2644 1.
656 2584 812 2648 occurrit.
846 2583 931 2645 Satis
947 2603 1077 2660 causae,
1099 2605 1160 2648 cor
1218 2583 1366 2646 custodia
1375 2586 1488 2670 sepsit,
1502 2605 1544 2646 ne
1557 2581 1722 2668 perficere
1738 2596 1860 2668 posset,
1877 2581 1967 2669 quod

407 2704 495 2750 noro
513 2683 654 2746 examini
671 2705 788 2746 numus
811 2684 882 2760 hic,
915 2684 942 2746 si
963 2685 1085 2748 alicubi
1103 2707 1159 2749 ex·
1219 2685 1327 2749 animo
1359 2700 1575 2770 conceperat,
1606 2685 1661 2747 rel
1686 2683 1843 2770 denique,
1877 2683 1965 2768 quod

406 2799 489 2862 stat,
522 2800 688 2849 mereatur
715 2786 842 2870 subjici.
882 2787 975 2850 Sitne
1002 2787 1156 2864 Oeconis,
1216 2805 1296 2849 rere
1314 2801 1429 2850 natura
1448 2783 1733 2861 clementissimus,
1752 2785 1970 2848 etnibiitem·

407 2885 495 2950 bunc
513 2887 672 2953 honorem
690 2887 755 2970 jam
780 2889 975 2972 primoejos
994 2911 1079 2954 anno
1103 2889 1158 2951 ad·
1214 2888 1350 2970 peribus
1376 2889 1442 2950 sois
1476 2909 1627 2972 asperum
1656 2886 1746 2950 iecit.
1794 2889 1967 2948 Postrema

266 2997 280 3013 ‘
408 2984 581 3071 fingentis,
605 2989 782 3052 auctoritas
814 2991 914 3065 tanti,
938 3006 974 3054 ut
993 2991 1064 3072 ejus
1085 3012 1158 3053 sen·
1215 2988 1296 3052 haec
1323 3009 1419 3054 causa
1445 2990 1580 3074 probata
1606 2955 1902 3065 ratisbonens,
1932 2991 1965 3052 iu

407 3089 529 3150 tentiae
546 3088 818 3153 subscribendum
835 3092 989 3156 continuo
1016 3093 1078 3170 sit,
1100 3093 1155 3156 alii
1214 3089 1353 3173 epistola
1369 3090 1411 3153 ad
1431 3092 1637 3167 Faustinam,
1661 3111 1744 3174 quae
1762 3091 1966 3176 exstatapad

410 3188 563 3253 viderint.
1212 3191 1399 3256 Vulcatium
1437 3193 1471 3254 in
1507 3193 1574 3256 vita
1612 3192 1722 3258 Avidii
1754 3194 1878 3270 Cassii,
1917 3193 1965 3256 sie

723 3373 728 3380 ι
1213 3292 1385 3355 scribenti:
1407 3297 1486 3356 hoec
1507 3295 1720 3375 (Clementia)
1733 3307 1860 3376 patrem
1874 3306 1962 3358 tum

726 3399 838 3459 Pius.
946 3406 951 3440 ¹
1213 3397 1362 3472 inprimis
1381 3398 1447 3458 PII
1459 3401 1740 3474 nomineomoor'r.
1763 3397 1871 3460 Aliam
1892 3395 1968 3456 iliu·

721 3483 727 3506 '
1213 3491 1320 3558 strem'
1349 3514 1477 3560 causam
1511 3513 1749 3562 commemorat
1786 3495 1965 3560 Pausanias

468 3593 559 3656 Alias
589 3594 645 3656 alii
668 3615 710 3658 ex
737 3594 955 3680 scriptoribus
984 3597 1150 3662 veteribus
1212 3595 1434 3675 synchronus·
1456 3598 1545 3682 quod
1565 3600 1673 3664 cultus
1690 3600 1793 3664 divini
1813 3599 1962 3662 omnium

400 3694 516 3759 colisti
539 3693 636 3776 hujus
664 3695 752 3760 tituli
776 3717 889 3760 causas
916 3697 1083 3775 adferunt,
1117 3715 1153 3765 et
1210 3711 1297 3760 esset
1316 3701 1455 3763 maxime
1472 3700 1635 3764 studiosus
1651 3704 1696 3781 e).
1718 3702 1839 3770 Verius
1853 3699 1961 3764 orodi-

403 3809 471 3858 tres
486 3795 618 3880 quidem
636 3797 691 3862 vel
711 3820 794 3862 unus
811 3798 999 3882 Spartianus
1014 3797 1058 3881 b),
1082 3802 1151 3866 sive
1210 3797 1336 3876 derim,
1358 3801 1522 3866 illustrem
1548 3803 1600 3866 ilii
1622 3803 1710 3868 bunc
1735 3803 1869 3866 titulum
1896 3821 1965 3864 non

403 3897 491 3984 quod
512 3918 665 3962 socerum
690 3897 813 3962 fessum
838 3913 943 3964 aetate
956 3923 1053 3964 manu
1077 3904 1151 3965 sub·
1208 3900 1249 3966 ob
1274 3923 1335 3965 una
1354 3922 1469 3981 causa,
1491 3905 1550 3968 sed
1568 3904 1608 3968 ab
1626 3905 1778 3968 omnibus
1797 3904 1852 3966 hio
1872 3922 1963 3966 eorn-

400 4000 540 4076 lerarit,
574 4000 643 4065 sire
667 4000 756 4086 quod
775 4001 896 4063 multos
916 4015 1084 4066 senatores
1109 4005 1150 4068 ab
1208 4005 1417 4080 memoratis,
1449 4021 1482 4068 et
1504 4025 1563 4089 per
1587 4007 1758 4088 probatam
1784 4003 1964 4088 multiplici

401 4101 614 4164 Hadrianeia
629 4101 969 4167 extremaraletudine
985 4104 1149 4168 adnecem
1208 4105 1387 4187 specimine
1404 4107 1557 4190 pietatem
1571 4107 1672 4168 fuisse
1687 4107 1840 4184 inditum,
1857 4107 1907 4168 sic
1926 4117 1963 4166 ut

401 4201 565 4284 quaesitos
594 4203 690 4286 hujus
718 4203 825 4266 furori
854 4203 1047 4286 eripuisset,
1081 4206 1150 4270 sive
1207 4207 1362 4290 Piosjanr
1386 4199 1533 4271 omnium
1552 4229 1611 4271 ore
1633 4221 1826 4284 vocaretur,
1868 4221 1961 4270 aute·

400 4300 489 4384 quod
516 4300 683 4366 Hadriano
707 4321 783 4388 post
805 4327 975 4372 excessum
999 4306 1151 4390 ingentes
1207 4327 1302 4392 qnam
1319 4323 1448 4372 senatus
1465 4307 1854 4374 consultumaceederet

401 4400 544 4464 bonores
565 4401 694 4468 detulit.
717 4407 810 4500 Quae
831 4405 965 4492 quidem
984 4422 1149 4493 postrema
1269 4413 1314 4472 Et
1322 4431 1402 4474 roro
1420 4409 1574 4488 eximium
1592 4411 1678 4474 istud
1697 4413 1749 4474 Pii
1758 4430 1962 4492 cognomen,

455 4650 486 4720 a)
508 4647 545 4704 de
562 4647 696 4706 Celumn.
714 4650 883 4728 Anepsi-
938 4647 972 4721 b)
998 4650 1207 4709 iniladriauo.
1265 4649 1512 4726 c)iniiadriano
1534 4654 1588 4711 sub
1608 4652 1659 4710 fin.
1717 4650 1965 4728 d)0neirocrit.

398 4737 560 4802 Licin.
635 4739 663 4808 e)
684 4737 831 4813 Paeon.
851 4739 1043 4804 retorsa
1117 4741 1372 4814 OinAntonino.
1449 4743 1884 4822 g)indrcsd,1·..V111.c.43.
