4178 5486
652 475 674 492 ‘
730 499 1117 582 seonsmnva·
1249 442 1256 454 ⁸
1588 507 1685 598 ‘sn

142 703 249 754 antur.
276 684 363 756 Vide
379 685 487 762 etiam
496 667 654 769 judiciuin
673 687 715 752 cl.
728 690 891 766 Ncumun·
945 689 1048 754 fuisse
1063 687 1098 752 in
1113 684 1280 752 consortio
1296 707 1370 752 oum
1381 689 1489 754 tribus·
1499 691 1605 756 aureis
1615 673 1688 756 bar·

140 791 195 867 ni,
216 790 273 875 qui
288 775 677 875 praeterealmjusnunii
693 787 888 854 icodismnm
945 789 1034 854 baria
1064 788 1170 874 gentis
1195 788 1362 866 Plautiae,
1392 802 1426 852 et
1446 789 1584 856 laudatis
1609 797 1690 858 mor

87 945 96 962 ,
139 889 233 970 dedit
249 896 290 972 ⁸).
331 889 443 966 Addo,
466 903 801 976 utrumqucnostrum
819 914 890 954 mu·
945 878 1094 959 barbaris
1111 887 1270 972 Gordiani
1288 903 1322 952 ct
1340 888 1496 974 Philippi.

140 993 192 1056 cei
203 991 354 1060 caeamd
366 1013 499 1056 numum
514 1011 599 1054 anuo
620 990 699 1072 ¹7¹3
717 1007 888 1086 repertum

792 1217 1040 1281 neemia.

341 1413 425 1476 Sunt
445 1421 569 1475 tantum
591 1411 702 1493 nursi,
724 1412 813 1500 iique
865 1455 1138 1482 ......
1182 1448 1192 1482 ’.
1236 1458 1245 1500 a
1288 1458 1298 1480 .
1342 1418 1445 1481 ΕΒΗ.

782 1705 1049 1796 uenturos.

203 1927 331 1989 derum
357 1919 545 2008 ingredior,
575 1943 594 1986 a
622 1941 688 2008 quo
710 1926 885 1992 Anselmus
942 1949 1057 1992 curum
1079 1903 1186 2012 possit
1211 1947 1254 1992 ex
1274 1929 1326 1992 his
1355 1928 1471 1993 scoriis
1499 1947 1687 2004 secernere,
1746 1978 1748 1984 .
1815 1909 1819 1916 ¹

140 2027 325 2096 Benduriua
338 2026 572 2110 imperatorum
587 2045 703 2088 numos
720 2016 887 2091 deseribe·
941 2052 1010 2092 non
1039 2051 1212 2114 possumus
1244 2029 1381 2114 egregio
1410 2024 1596 2108 Bendu'ric,
1629 2031 1686 2120 qui

139 2149 331 2195 reexorsus
349 2142 408 2195 eat.
425 2132 537 2202 Nemo
554 2128 636 2204 erit,
659 2128 795 2210 quinon
812 2151 886 2193 eru·
941 2145 1008 2194 tam
1031 2130 1171 2194 arduum·
1203 2130 1266 2193 sibi
1295 2119 1444 2194 laborem
1465 2131 1686 2213 imposuerat,
1758 2115 1761 2123 i

140 2232 201 2296 diti
220 2221 317 2314 liujus
335 2228 617 2314 viripropositum
636 2230 886 2294 Herculeiahu·
941 2255 1009 2298 non
1031 2233 1187 2296 maximas
1212 2231 1335 2296 hebere
1356 2231 1489 2313 gratias.
1530 2237 1574 2296 At
1597 2234 1686 2298 enim
1780 2305 1783 2314 ,

139 2334 241 2398 meris
256 2331 391 2416 dignum
409 2347 442 2396 et
462 2331 643 2395 admiretur
658 2346 691 2396 et
707 2331 884 2398 vehemen·
941 2337 969 2398 ai
989 2335 1079 2398 laudi
1102 2335 1182 2411 luit,
1205 2354 1314 2418 neque
1333 2331 1549 2398 minutissime
1571 2335 1606 2398 in
1626 2358 1686 2400 nu·

137 2449 193 2500 ter
209 2433 380 2519 adprobet.
423 2435 466 2501 tt
484 2418 583 2498 nemo
608 2434 804 2511 sedetiam,
827 2431 905 2518 qui'
940 2437 1004 2500 mia
1025 2436 1233 2521 neglexisse,
1262 2455 1329 2498 non
1356 2453 1420 2519 ego
1441 2417 1688 2519 reprehenden-

136 2558 205 2610 non
225 2535 368 2600 fateatur
397 2537 505 2614 ultro,
535 2537 571 2601 iu
599 2535 883 2620 praegrandibus
940 2539 1021 2615 dus,
1044 2537 1072 2601 si
1096 2557 1141 2600 es
1162 2539 1318 2622 deinceps
1341 2549 1466 2600 tautum
1486 2517 1687 2603 commemo·

138 2659 242 2725 opere
268 2637 412 2722 plurima
429 2637 605 2702 ⁴contineri
632 2636 817 2722 superflua,
849 2652 882 2702 et
939 2659 1080 2714 revere,
1103 2661 1186 2724 quae
1203 2642 1266 2703 srti
1285 2635 1417 2725 noa'trae
1438 2629 1586 2722 prolicua
1611 2660 1685 2704 esse

137 2740 376 2828 philologiam,
398 2753 654 2826 propterquam
679 2741 761 2805 haec
777 2741 883 2806 studia
939 2742 1156 2816 intellexero,
1180 2756 1277 2826 atque
1294 2739 1380 2802 istud
1398 2739 1565 2822 parciore,
1588 2761 1700 2824 quam

136 2833 471 2925 tractamua‚'psrnm
482 2840 641 2923 'juvantia
682 2845 764 2906 Nam
786 2863 885 2927 quor·
939 2843 1099 2923 antehac,
1122 2843 1264 2921 dilectu,
1288 2841 1364 2927 quia
1387 2839 1517 2924 reliqua
1543 2839 1686 2924 impert·

137 2967 212 3010 snm
241 2941 374 3007 tandem
404 2942 561 3020 molesta,
592 2958 690 3030 atque
720 2943 762 3008 ad
794 2944 885 3008 fasti·
939 2958 1050 3009 torum
1072 2959 1224 3034 monetat,
1246 2957 1283 3007 ut
1310 2960 1450 3020 numero
1476 2951 1527 3004 est
1546 2939 1684 3016 infinita.
1803 3001 1805 3006 .
1878 2936 1881 2942 ’
1992 2981 1998 2996 ·

50 3077 56 3092 »
136 3045 228 3112 dium
248 3063 424 3108 recurrens
446 3043 595 3127 ejusdem
615 3047 707 3110 numi
727 3045 883 3130 repetitio
940 3046 989 3111 sic
1016 3047 1123 3110 minna
1151 3045 1346 3130 frequenter
1375 3043 1551 3128 quidquem
1575 3043 1685 3122 offert,

136 3147 251 3232 exigui
268 3144 467 3210 discriminis
485 3163 599 3224 causa,
621 3149 710 3232 qnod
724 3147 882 3212 nullode·
939 3147 1028 3232 qued
1053 3149 1087 3210 in
1114 3164 1342 3233 quamcunque
1367 3158 1495 3228 partem
1518 3143 1588 3210 sive
1609 3166 1687 3229 pro·

135 3249 293 3317 trimento
302 3246 423 3311 licebat
437 3247 615 3332 ignorarel
631 3250 730 3336 Atqui
746 3263 780 3313 et
794 3249 882 3312 simi·
939 3251 1001 3326 sit,
1024 3251 1093 3314 sire
1115 3249 1270 3314 delectet.
1303 3246 1378 3341 Quo
1399 3246 1434 3308 in
1449 3246 1620 3330 proposito
1635 3263 1686 3308 se·

135 3353 170 3416 le
184 3347 351 3414 iistidium
367 3349 402 3409 in
417 3351 817 3435 vulgandismarmoribus
834 3352 883 3414 in·
939 3350 1051 3415 dulsm
1088 3351 1173 3415 dabo
1211 3369 1365 3433 opernm,
1402 3365 1446 3410 ne
1485 3361 1686 3412 commentu-

134 3449 413 3518 utilibustandern
427 3451 525 3514 etiam
539 3452 881 3537 pervasitScipionem
939 3453 1008 3515 rios
1032 3473 1123 3535 meos
1145 3451 1320 3536 quidquam
1346 3449 1498 3533 effugiat,
1521 3448 1610 3532 quod
1631 3468 1686 3515 va·

133 3553 317 3620 ssaffeium.
338 3554 756 3638 Diffltcriquidemrseqneo,
776 3554 821 3616 sit
834 3551 879 3630 ¹³),
937 3553 1010 3614 lere
1028 3551 1071 3614 ad
1097 3551 1300 3635 philologiae
1323 3551 1428 3613 studia
1444 3546 1564 3634 possit,
1586 3549 1685 3610 nihil·
1757 3531 1760 3548 ⁸

131 3659 269 3744 nimium
285 3657 320 3716 iss
333 3657 385 3716 tir
409 3657 503 3718 rotor
526 3648 726 3739 quorundum
742 3659 880 3735 diligen·
938 3655 1002 3738 qu'e
1026 3635 1252 3737 ejusgeneris
1274 3652 1314 3725 ii,
1345 3651 1456 3735 quiin
1479 3664 1549 3714 arte
1570 3665 1683 3716 nostre

134 3764 216 3823 siam
228 3759 420 3842 procedam·
440 3775 492 3818 res
505 3759 602 3818 nihils·
616 3759 652 3819 in
667 3753 880 3835 tacompsos·
937 3775 1049 3822 veram
1072 3754 1264 3828 utilitatem,
1286 3773 1353 3814 non
1378 3752 1482 3814 otiosa
1504 3764 1680 3826 sectantur,

131 3881 206 3926 eam
217 3861 458 3941 proferentium.
481 3857 879 3943 Tantomagismihi‚qni
936 3879 955 3920 a
985 3875 1039 3918 me
1059 3851 1326 3940 praetermissum
1355 3852 1482 3936 possint
1513 3853 1682 3936 conqueri.

131 3987 201 4030 non
227 3961 413 4043 catalogum
434 3979 609 4022 numerum
630 3973 796 4036 veterum,
819 3957 879 4022 aed
936 3957 1138 4048 Manendum
1158 3957 1318 4041 denique,
1343 3973 1395 4016 me
1414 3969 1506 4016 more
1525 3954 1682 4015 meonul·

131 4059 319 4132 decirinam
332 4059 480 4124 scribere
495 4075 672 4145 eggressus
690 4081 782 4137 sum,
805 4081 880 4144 perb
937 4059 1175 4123 lamnationem
1192 4057 1378 4120 habiturum
1395 4054 1609 4137 singularium
1625 4073 1683 4118 eo«
1810 4103 1815 4111 .

130 4167 269 4232 missum
279 4167 411 4250 putabo,
425 4166 599 4252 negligere
609 4181 804 4239 eosnumos,
822 4163 881 4247 qui
936 4181 1010 4224 rum
1020 4179 1214 4237 nemorum,
1236 4179 1320 4244 quoa
1333 4155 1517 4242 Bandurius
1531 4177 1548 4216 a
1563 4173 1599 4217 se
1614 4176 1682 4218 non
1793 4197 1796 4204 -

131 4269 177 4336 ad
202 4266 384 4360 doctrinam
408 4268 492 4332 nihil
523 4263 708 4334 conserunt.
753 4268 881 4326 Temen
936 4275 1148 4349 conspectos,
1171 4261 1229 4324 sed
1245 4259 1439 4324 exslioritm
1455 4255 1680 4342 catalogorum

131 4393 209 4436 eum
231 4369 378 4433 inomni
407 4370 562 4435 scientiae
595 4375 720 4455 genet'e
741 4366 881 4430 habean-
936 4361 1021 4440 lide,
1051 4366 1143 4430 velut
1168 4361 1397 4437 Medioltsrbi‚
1427 4357 1520 4444 operi
1545 4379 1604 4422 cuo
1632 4359 1680 4419 in-

130 4487 189 4538 tur
210 4475 313 4536 multa
333 4472 445 4557 exigui
474 4471 509 4534 in
539 4470 685 4556 speciem
709 4468 877 4542 momenti,
937 4480 1043 4530 sertus
1059 4465 1197 4532 voluit.-

133 4589 167 4637 et
186 4573 331 4640 existere
346 4575 449 4660 possit
464 4573 631 4657 ingenium
654 4591 768 4654 sagax,
790 4565 879 4653 quod

1304 4711 1684 4762 -ι-μ--ι-Ι-τ-ῄ.

30 4851 31 4855 ,
153 4791 200 4862 u)
220 4779 310 4846 Numi
327 4807 401 4865 pop.
420 4787 451 4844 P.
472 4785 508 4844 Il.
527 4758 640 4863 pstd9.
713 4755 751 4857 bl
769 4784 843 4842 llus.
862 4783 972 4844 Veron.
988 4801 1022 4861 p.
1042 4792 1103 4846 251.
