4264 5516
406 513 453 582 ⁵1.
752 491 800 569 tn.
851 473 1156 570 nvnnmvs
1207 489 1572 568 nuronntvs

403 697 536 743 errores
550 699 590 741 an
614 677 820 762 agnoscimus
846 677 1015 742 Aurelium
1038 677 1143 750 illum,
1201 681 1278 760 φίας
1298 684 1387 762 qssod
1399 681 1486 740 oltra
1502 687 1569 750 est,
1590 671 1777 752 superstitio
1796 663 1964 729 motor?

403 779 459 865 qni
472 781 505 862 in
513 781 753 843 commentariis
767 781 832 842 suis
843 780 955 866 exigit,
972 791 1007 841 ut
1016 778 1088 861 quis
1103 779 1145 842 sit
1203 778 1278 872 Quo
1298 779 1431 863 quidem
1459 777 1493 838 in
1527 773 1665 838 arbitrio
1691 787 1848 834 verorum
1873 763 1967 824 limi·

403 885 532 944 deorams
546 884 774 964 morataque
788 892 894 944 tamea
910 883 1142 959 superstitione,
1201 891 1269 940 tum
1294 879 1500 963 ignoratione
1518 888 1645 939 tantum
1674 868 1850 934 fluctuavit
1877 863 1963 928 anti-

405 980 550 1054 θεοσεβης
577 1001 671 1064 xum
705 974 943 1062 lasssdmporme
966 979 1015 1060 ⁸),
1044 979 1143 1064 quis
1200 979 1321 1063 quites,
1350 991 1507 1064 quantum
1541 978 1576 1038 in
1597 970 1833 1043 admittendis,
1859 985 1964 1048 repn-

405 1082 574 1166 Diogneto
597 1101 632 1142 se
652 1080 804 1145 didicisse
824 1079 999 1164 profitetur
1023 1099 1060 1138 sm
1079 1077 1148 1140 ciss-
1204 1079 1370 1142 diandisse
1386 1079 1557 1162 religionis
1573 1090 1709 1138 nostrae
1724 1069 1875 1136 cultibus
1891 1085 1963 1127 non

408 1199 548 1256 στητηιοι
576 1201 642 1256 τοις
667 1178 721 1242 sisso
745 1203 804 1240 sos
837 1199 1065 1260 sagnwopsssns
1094 1202 1145 1240 aas
1202 1201 1278 1242 raro
1294 1179 1460 1263 hodieque
1473 1177 1670 1243 fluctuamus
1692 1173 1776 1258 ipsi,
1802 1183 1871 1232 tam
1889 1185 1964 1228 sae·

406 1301 526 1364 syosfrssr
541 1302 607 1360 περι
625 1274 766 1362 inpios,
787 1303 837 1340 sas
851 1303 916 1358 περι
942 1274 1089 1363 immam
1111 1277 1145 1340 ai·
1200 1301 1242 1364 pe
1263 1281 1398 1344 incertis
1422 1281 1502 1344 olim
1522 1295 1557 1342 et
1588 1297 1678 1340 nnnc
1709 1289 1831 1336 causae
1859 1265 1964 1350 hujus

405 1403 562 1464 κπαμκης
575 1405 624 1440 sm
639 1401 697 1442 sos
714 1403 850 1444 sessuros
869 1387 1062 1466 ltaqopsssose,
1079 1401 1144 1444 nost
1199 1379 1336 1460 finibus,
1359 1405 1456 1468 qnam
1480 1403 1547 1444 non
1567 1396 1702 1462 semper
1720 1373 1800 1436 satis
1824 1383 1878 1433 est
1905 1386 1965 1429 ex·

404 1485 519 1546 tuom
535 1487 630 1564 fidem
645 1487 706 1557 s'is,
727 1505 810 1566 puae
821 1493 1037 1564 portentorum
1050 1501 1144 1560 prae·
1199 1483 1381 1568 ploratum,
1408 1483 1465 1546 ubi
1491 1482 1620 1546 desinat
1643 1474 1852 1547 liberalitas,
1884 1489 1965 1552 pat·-

405 1588 635 1665 stip'iurumquo
660 1587 803 1646 docmss
828 1587 868 1646 do
894 1587 1143 1644 incantamento—
1200 1584 1354 1661 simonia,
1390 1584 1516 1658 cantio,
1554 1581 1613 1642 ubi
1645 1576 1769 1641 deinde
1798 1567 1993 1656 succedat,

406 1707 476 1747 mm
500 1690 748 1766 daemonumque
780 1687 981 1764 depulsione,
1012 1693 1046 1744 et
1061 1701 1144 1766 quae
1199 1685 1431 1768 prodigalitas,
1468 1683 1623 1756 avaritia,
1655 1676 1800 1762 ignaria.
1854 1673 1966 1734 Acoe-

406 1797 482 1848 auat
496 1791 641 1866 idqesstss
653 1787 742 1859 aliu,
763 1787 799 1846 s'ss
815 1787 929 1864 vulqus
951 1780 1142 1862 essmasb),
1200 1783 1263 1861 dit,
1291 1783 1380 1868 qnod
1407 1783 1498 1845 omui
1521 1801 1604 1844 aero
1627 1781 1772 1842 hnmana
1798 1773 1889 1838 ratio
1911 1771 1964 1831 in·

405 1889 461 1972 qui
478 1888 585 1972 legem
602 1885 673 1967 ipse
687 1884 779 1958 tulit,
800 1895 837 1946 ast
851 1887 886 1944 io
901 1887 1040 1948 insulsos
1065 1887 1143 1946 rele-
1200 1885 1351 1947 credibili
1372 1900 1526 1968 stupore,
1547 1895 1581 1944 et
1601 1895 1679 1964 post
1694 1893 1746 1941 tot
1762 1873 1964 1938 seculorum

402 1997 572 2069 paratim,
594 1989 651 2068 qui
672 1987 800 2066 aliquid
810 1987 965 2063 facerent,
987 1969 1143 2066 qualem
1199 1983 1575 2069 experimentauondum
1586 1981 1740 2065 depulso,
1760 1975 1963 2062 qnodrecte

403 2091 563 2152 hominm
579 2089 681 2146 animi
693 2087 915 2161 superstitious
927 2089 1068 2146 somissis
1083 2097 1144 2148 ter·
1198 2085 1319 2149 sactum
1336 2101 1401 2161 est,
1418 2084 1508 2171 qnod
1524 2083 1654 2166 inique,
1678 2099 1720 2142 ex
1736 2076 1889 2140 fortuitis
1906 2093 1965 2136 re·

405 2197 545 2252 mansur
561 2186 601 2263 ο).
641 2183 707 2276 Qui
740 2185 878 2246 animam
903 2183 1043 2248 hominis
1069 2203 1142 2246 esse
1199 2209 1272 2249 rum
1289 2187 1415 2250 eventis
1435 2185 1523 2248 solet
1543 2183 1666 2245 metiri.
1692 2183 1731 2241 Iu
1743 2177 1844 2241 Nicia
1858 2174 1966 2238 Athe-

403 2285 640 2360 immortalens,
663 2298 717 2347 aut
737 2283 1005 2368 planedulsitarit
1020 2284 1071 2364 d)‚
1089 2299 1144 2350 aut
1199 2287 1360 2349 niensium
1392 2286 1502 2364 duce,
1539 2281 1815 2366 superstitionem
1846 2275 1967 2358 culpa·

406 2387 544 2450 disserte
557 2384 689 2464 negarit
703 2385 743 2462 θ),
765 2383 968 2450 idemtamen
977 2386 1146 2468 magistro·
1199 2387 1247 2450 rit
1261 2388 1452 2471 antiquitas,
1473 2383 1564 2470 qnod
1580 2383 1748 2465 religione
1762 2381 1865 2442 lunae
1889 2391 1967 2438 tunt

403 2507 478 2549 rum
490 2503 621 2546 suornm
632 2484 782 2566 sepulcra
790 2484 904 2546 hostiis
912 2485 1084 2548 honorarit
1105 2482 1143 2564 s).
1200 2489 1287 2554 forte
1307 2485 1490 2552 deficientis
1520 2485 1647 2548 veritus
1666 2495 1719 2544 est
1739 2497 1883 2542 morere
1909 2497 1966 2540 ca·

466 2585 510 2648 At
526 2600 605 2646 vero
632 2583 659 2643 si
683 2583 770 2645 hunc
788 2584 885 2674 animi
902 2584 1047 2648 habitum
1067 2605 1142 2648 cum
1201 2604 1284 2666 stra,
1306 2604 1404 2673 atque
1415 2585 1604 2652 inconsulto
1620 2584 1686 2644 hoc
1694 2593 1859 2666 angustae
1870 2597 1968 2639 men·

405 2711 480 2755 sana
497 2682 702 2772 philosophis
717 2703 815 2766 posse
839 2685 1019 2748 consistere
1040 2685 1144 2749 incre·
1200 2691 1242 2752 tis
1255 2691 1426 2774 proposito
1441 2686 1656 2768 semetipsum
1670 2703 1709 2746 ac
1726 2681 1871 2764 patriam
1884 2697 1967 2763 per·

404 2792 506 2856 dibile
525 2785 655 2850 videtur
675 2784 743 2860 illi,
764 2785 839 2869 qni,
862 2787 950 2870 qnod
967 2806 1028 2849 nos
1044 2785 1143 2849 hodie
1201 2790 1293 2853 didit.
1327 2791 1453 2854 Eadem
1471 2790 1506 2850 in
1528 2787 1567 2849 Ρ.
1585 2784 1707 2849 Clodio
1730 2781 1885 2866 culpavit
1899 2780 1967 2840 im·

402 2893 557 2964 iacimus,
580 2899 726 2952 veterem
745 2885 974 2970 auspiciorum,
997 2889 1144 2949 oraculo·
1198 2892 1374 2973 pictatem,
1402 2889 1492 2974 qnod
1521 2887 1634 2971 pullos
1660 2881 1850 2967 tripudium
1883 2877 1968 2940 soli-

403 3015 495 3069 tum,
532 2990 757 3076 prodigiorum
789 2987 962 3050 vanitatem
983 2987 1097 3066 ridet,¹
1113 2987 1142 3049 is
1199 2992 1330 3054 stimum
1358 3003 1526 3054 aversatos
1552 2988 1595 3050 ad
1623 2997 1741 3068 potum
1776 2979 1966 3051 damnavit,

406 3111 528 3178 quaeso
543 3103 684 3174 reputet,
705 3089 810 3170 ipsum
819 3085 936 3148 horum
950 3089 1141 3150 exercitium
1198 3113 1235 3154 ac
1256 3112 1333 3154 mox
1348 3091 1476 3154 cladem
1492 3087 1774 3171 mariperpessns
1793 3101 1872 3144 rens
1893 3081 1968 3142 Ro·

405 3206 476 3256 tum
497 3211 572 3255 cunt
592 3188 696 3252 causis
719 3186 887 3269 religionis
907 3185 1008 3248 inisse
1023 3205 1142 3250 conne-
1196 3213 1323 3254 manum
1337 3189 1473 3252 sdssisit.
1500 3189 1648 3254 Vicisaet
1664 3185 1797 3260 Nicias,
1823 3202 1896 3246 non
1923 3181 1967 3242 il·

405 3312 499 3366 xnm,
528 3303 625 3370 atque
658 3301 694 3350 ut
716 3287 753 3348 P.
773 3284 925 3362 Clodius,
956 3287 1139 3363 Lucretius,
1195 3289 1264 3352 lum
1290 3291 1555 3374 superstitiosum
1581 3287 1724 3350 dixisset
1750 3283 1865 3360 fama,
1901 3279 1970 3344 sed

404 3389 587 3462 Lucienus,
616 3387 671 3471 qui
701 3385 857 3470 auspicia,
884 3399 958 3448 eta
987 3385 1048 3446 diis
1072 3407 1139 3449 me-
1196 3387 1333 3454 deorum
1347 3391 1479 3452 monitis
1493 3401 1587 3452 recte
1608 3383 1833 3460 obsecutum}
1864 3381 1969 3446 sicis-

405 3503 477 3552 tum
489 3488 650 3560 liberunt,
674 3485 752 3548 dicii
767 3484 860 3546 suere
877 3483 988 3568 impiis
1003 3485 1049 3547 ⁸10
1063 3505 1141 3548 ⁶⁰1¹·
1195 3505 1244 3555 set
1261 3491 1416 3564 Clodius,
1433 3511 1472 3552 sc
1484 3502 1554 3551 turn
1568 3489 1629 3553 ille
1641 3509 1711 3552 uon
1728 3483 1879 3569 impius,
1903 3479 1971 3542 sed

405 3603 457 3654 tra
487 3587 578 3670 pios,
609 3586 665 3669 qni
696 3583 777 3646 haee
820 3584 927 3646 omnia
947 3585 1139 3668 probavere.
1194 3591 1360 3675 pullorum
1387 3584 1554 3652 fastidium
1574 3588 1756 3674 prudentia
1774 3583 1969 3667 castigasse

408 3687 506 3782 Quod
543 3688 571 3748 si
596 3685 668 3770 quis
690 3685 753 3746 tuis
774 3685 880 3746 animo
902 3685 1012 3766 paullo
1036 3687 1140 3769 magis
1195 3689 1312 3753 inisset
1328 3691 1486 3754 creditus.
1526 3692 1745 3786 Quapropter
1770 3687 1799 3748 si
1816 3681 1972 3767 vigenti-

406 3801 542 3862 teuero,
564 3786 690 3868 diisque
710 3785 776 3849 suis
802 3783 1041 3864 indulgentior,
1065 3807 1141 3848 cou·
1196 3789 1256 3852 bus
1283 3803 1350 3852 tuus
1378 3791 1485 3852 adlsnc
1519 3791 1620 3874 patrii
1643 3790 1757 3852 cultus
1784 3783 1969 3857 institutis,

406 3887 534 3970 tingere
553 3905 691 3969 pronum
708 3884 832 3960 tuerat,
854 3897 890 3947 ut
907 3887 1138 3949 nonnullorum
1194 3901 1291 3972 atque
1308 3889 1342 3950 iu
1355 3888 1415 3952 illo
1433 3891 1626 3973 opinionum
1642 3888 1865 3972 publicarunt
1885 3902 1972 3946 con·

405 3986 527 4068 judicio
553 3985 714 4047 excedere
730 3984 833 4064 justae
853 3984 983 4066 pietatis
998 3983 1140 4048 lineari·
1194 3983 1286 4050 llictu
1312 4007 1547 4074 nonnunquam
1572 4013 1592 4052 a
1620 3988 1759 4071 seipso
1789 3981 1969 4048 dissidere

409 4084 552 4148 deretur.
590 4088 641 4146 An
662 4103 741 4148 vero
768 4083 864 4142 etiam
891 4095 959 4143 tous
985 4085 1138 4146 contiuuo
1194 4083 1300 4146 bouus
1315 4087 1471 4151 Aurelius
1486 4103 1537 4152 est
1553 4088 1665 4164 risus,
1690 4087 1765 4150 sive
1786 4083 1885 4170 qnod
1907 4103 1971 4146 na·

410 4183 644 4264 superstitionis
663 4203 739 4246 rens
760 4179 942 4265 putandus?
964 4183 1138 4275 Quiseuim
1195 4186 1309 4246 taralis
1328 4187 1400 4268 ejus
1417 4189 1451 4250 iu
1468 4189 1550 4251 deos
1568 4209 1648 4251 snos
1667 4187 1798 4271 pietas,
1829 4199 1867 4247 et
1896 4186 1973 4270 pri·

410 4279 443 4340 iu
464 4281 552 4340 omni
580 4281 766 4362 antiquitate
794 4281 941 4344 censoris
966 4303 1022 4343 sua
1047 4284 1138 4365 virga
1195 4305 1308 4347 snacra
1336 4286 1516 4361 institutio,
1548 4307 1651 4370 quac.
1671 4287 1778 4350 etiam
1795 4283 1973 4350 cordatis·

411 4367 506 4438 susus
529 4391 579 4438 eat
603 4377 755 4439 delinires
776 4381 1140 4444 lacusessiaoerareli·
1195 4383 1313 4444 simum
1350 4405 1515 4469 quemque
1553 4407 1632 4450 raro
1677 4387 1785 4471 plene
1819 4385 1972 4462 deserit,

416 4477 1974 4508 ---———---——-----..-.......-.....-

465 4523 496 4590 a)
511 4514 556 4584 εἰς
567 4512 665 4579 lenos
686 4527 717 4582 1..
735 4523 786 4584 VI·
809 4529 882 4594 §30-
980 4527 1013 4594 b)
1031 4527 1099 4600 Ibid
1113 4527 1145 4586 L.
1162 4529 1183 4584 1.
1203 4529 1256 4595 ld.
1357 4533 1387 4602 c)
1403 4531 1512 4590 Paulus
1528 4535 1616 4612 Digg.
1636 4536 1669 4591 L.
1684 4535 1827 4593 xtvttt.
1847 4537 1896 4593 tit.
1921 4549 1970 4608 19.

413 4609 559 4685 depoenis
571 4611 621 4668 lib.
631 4625 674 4676 ω.
748 4617 782 4686 d)
805 4609 940 4685 iaciatur.
960 4616 992 4672 L.
1008 4615 1057 4673 111.
1078 4620 1127 4689 §3.
1141 4617 1172 4672 L.
1182 4615 1224 4676 IV
1226 4625 1329 4684 .-tt‚
1347 4617 1381 4677 L.
1399 4617 1455 4680 Vt.
1469 4630 1516 4684 tls.
1591 4627 1623 4695 e)
1644 4625 1772 4684 'l'zetzes
1791 4623 1878 4685 chit.
1898 4625 1971 4686 Vll·

415 4715 438 4755 ε.
456 4705 517 4762 stt.
534 4711 563 4756 st
577 4698 652 4758 chit
671 4700 746 4760 vlit
762 4721 787 4762 c.
809 4711 869 4766 sto.
970 4705 996 4775 t)
1017 4702 1174 4781 Capitolia.
1187 4703 1216 4760 in
1233 4703 1331 4762 naret.
1350 4723 1376 4764 c.
1391 4715 1419 4771 ³.
