4220 5504
415 483 489 558 ω
991 454 1363 554 cauacasna.

416 628 456 718 ad
474 654 605 740 imperii
623 649 808 740 praeseutia
832 641 1043 710 exitumiara
1060 639 1161 704 iidem
1219 645 1396 708 secundum
1425 643 1571 730 quictem
1602 641 1698 718 risis,
1732 643 1968 727 apparentibus
2076 639 2077 702 ]

415 769 509 836 sunt,
540 771 574 820 et
599 767 795 842 repetuntur
819 762 991 834 perpetuo.
1034 745 1161 806 Eorum
1219 765 1317 830 saepe
1344 762 1435 831 patre
1446 758 1487 809 'et
1506 745 1626 819 fratre,
1658 744 1855 830 gladiosque
1873 767 1969 810 manu

363 861 367 869 '
414 857 517 942 igitur
534 859 752 932 illustriores,
784 853 839 939 qui
856 847 1041 914 caracallae
1060 845 1162 908 bisto-
1218 847 1462 914 intentantibus.
1493 848 1582 910 bialo
1601 845 1752 909 utfinem
1778 861 1969 932 quaereret,

415 959 498 1026 siam
529 959 660 1044 jurant,
707 975 829 1042 cogere
859 953 892 1016 in
928 949 1015 1012 bunc
1048 945 1161 1010 locum
1219 953 1397 1014 multorum
1428 949 1552 1014 animas
1582 947 1623 1010 ab
1653 949 1769 1010 inieris
1799 969 1969 1046 euocasse,
2077 1035 2078 1048 χ

414 1081 530 1128 omues
561 1065 654 1130 lubet
686 1058 841 1141 subjectis
874 1049 1160 1117 animadversioni·
1218 1053 1530 1138 patrispraecipue,
1551 1071 1590 1114 as
1611 1050 1803 1126 Commodi,
1828 1072 1968 1136 quornm

414 1159 493 1241 bus,
521 1186 605 1251 quae
629 1165 674 1231 ad
697 1170 927 1248 argumentum
950 1151 1090 1218 itluueae
1116 1151 1163 1216 ri·
1218 1155 1273 1219 bic
1292 1151 1641 1238 tantumiutarroganti
1662 1173 1765 1234 pauca
1782 1152 1967 1236 respoudit,

412 1265 587 1334 dabuntur.
1212 1257 1271 1326 sed
1288 1271 1322 1322 et
1337 1257 1418 1322 baec
1440 1255 1534 1330 dura,
1555 1251 1711 1327 immitia,
1734 1267 1836 1339 atque
1857 1255 1967 1320 auimo

429 1419 432 1426 ·
476 1379 506 1434 1.
527 1363 955 1452 Apollosaauiaadasassdcat
971 1359 1002 1420 d.
1021 1377 1155 1430 raama,
1212 1379 1326 1444 parum
1358 1357 1495 1442 placita,
1527 1375 1603 1418 eum
1625 1353 1751 1416 interea
1779 1365 1969 1439 pater'nru·
2078 1443 2079 1452 ἵ

409 1494 437 1537 a.
454 1473 545 1553 lyrae
562 1475 712 1534 inuititur
728 1468 845 1544 tripodi
863 1463 1040 1540 imparitas.
1071 1455 1155 1548 Ycla
1214 1468 1283 1534 tus,
1323 1473 1421 1543 atque
1461 1457 1548 1520 inter
1575 1453 1769 1519 horrificum
1798 1457 1969 1519 silentium
2078 1463 2079 1478 ¹

403 1551 526 1652 'maus
538 1577 807 1642 accusaremus,
825 1587 850 1626 a.
862 1567 1064 1644 lyromsspos
1074 1559 1157 1622 basi.
1214 1559 1376 1635 adstaret,
1414 1571 1468 1636 et,
1501 1556 1592 1642 quod
1628 1555 1857 1620 desideratum
1888 1577 1970 1620 nun·

473 1675 742 1754 &Aesculapius
758 1679 848 1731 atussa
868 1668 901 1727 d.
920 1663 1068 1724 baculm
1085 1669 1170 1722 cuas‘
1213 1685 1310 1752 quarn
1351 1659 1430 1736 luit,
1458 1679 1590 1744 semper
1620 1657 1654 1720 iu
1683 1655 1745 1720 filii
1776 1659 1884 1721 Getae
1916 1679 1969 1722 co·

410 1769 928 1856 marapedibuaylobuss
948 1761 1081 1826 lucilius
1100 1762 1158 1822 ad·
1214 1767 1339 1828 mitatu.
1383 1763 1587 1826 Conversum
1609 1759 1753 1843 denique
1775 1761 1818 1824 ad
1840 1759 1967 1824 cultam
2079 1822 2080 1850 ,

409 1886 653 1956 aastpraataraa
677 1873 892 1954 Telesphorus·
1214 1869 1370 1938 deorum,
1400 1863 1578 1947 multisque
1608 1859 1784 1948 precibus,
1820 1859 1968 1924 adsiduis

471 1984 503 2040 d·
525 1979 659 2056 Sarapis
678 1985 767 2037 alsus
783 1975 814 2034 d·
830 1973 937 2042 alata,
967 1986 992 2028 s.
1016 1967 1153 2028 imiam-
1210 1964 1531 2054 pernoctationibus,
1562 1977 1632 2028 tum
1661 1975 1696 2024 ct
1725 1961 1876 2024 donariis
1904 1961 1964 2025 bo·

407 2079 447 2138 lu
472 2077 564 2141 aliis:
596 2079 669 2158 lpas
692 2078 806 2137 sadum
823 2075 989 2136 dealem
1011 2067 1155 2130 eoetmdt‘l
1211 2070 1347 2156 atiisquc
1375 2087 1491 2132 eorum
1522 2064 1706 2130 solicitasse
1738 2083 1860 2146 opem,
1876 2063 1967 2147 ,quin

406 2197 516 2242 ussus
531 2179 657 2241 animal
670 2179 802 2252 triceps,
825 2193 853 2236 s.
868 2175 1005 2234 sassasa.
1211 2186 1321 2236 tamen
1338 2167 1461 2255 aliquid
1478 2167 1607 2230 sanitati
1620 2165 1811 2229 conducens
1825 2163 1867 2228 ab
1877 2165 1969 2228 iratis

413 2323 417 2330 -
473 2271 1157 2348 a.11muonaaaaa.ramaaeaactaaam
1212 2273 1275 2337 diis
1301 2273 1503 2355 impetraret.
1524 2271 1618 2331 Haec
1639 2267 1824 2350 generatim
1840 2267 1884 2330 ad
1907 2267 1968 2331 bos

406 2385 593 2448 armatas
608 2383 719 2444 laonia.
1153 2409 1156 2414 -
1211 2395 1329 2438 numos
1363 2363 1555 2434 disserenda
1586 2367 1703 2448 fuere3
1742 2365 1786 2432 ad
1815 2368 1965 2455 singulos
2080 2407 2081 2418 κ

436 2529 440 2534 -
468 2491 500 2547 5.
519 2485 582 2545 Sol
593 2485 698 2562 capita
712 2481 840 2542 radiato
854 2483 945 2536 daus
962 2478 993 2538 d.
1008 2475 1106 2548 siaiu,
1127 2491 1158 2536 a.
1211 2473 1477 2562 progrediamur.

377 2587 542 2666 prosum.
1275 2596 1300 2636 ι.
1333 2573 1476 2660 Apollo,
1504 2591 1571 2658 quo
1596 2571 1688 2635 cultu
1713 2569 1749 2634 iu
1775 2571 1829 2634 bis
1855 2569 1963 2634 numia

470 2693 500 2750 d·
523 2686 586 2748 Sol
596 2685 635 2750 iu
647 2687 722 2748 citis
735 2685 902 2770 quadrinis
920 2685 952 2745 d.
965 2677 1105 2753 tanam,
1123 2694 1150 2738 s·
1206 2675 1413 2762 proponitur,
1434 2673 1556 2738 visitur
1570 2673 1669 2736 ctiam
1687 2671 1722 2736 in
1738 2687 1877 2738 moneta
1884 2677 1966 2736 Τη-
2081 2755 2082 2766 ¹

404 2787 579 2870 fiscellam.
1204 2779 1336 2844 bassiani
1346 2773 1457 2840 addito
1468 2789 1665 2858 praetereas
1681 2773 1882 2841 APOLLO.
1898 2773 1965 2836 Sd·

421 2897 501 2950 ..a
518 2891 612 2952 rana
627 2862 1015 2970 amalmapmao
1031 2879 1153 2944 aaran
1207 2877 1416 2951 aurinis,
1452 2877 1609 2941 aalma
1636 2891 1732 2962 pots
1763 2899 1804 2942 aa
1836 2875 1965 2940 aaran

408 2989 503 3053 am
520 2991 615 3068 cipis.
703 3009 708 3017 ¹
1206 2999 1276 3048 tum
1300 2981 1427 3050 Italiam
1448 2979 1571 3042 misere
1593 2979 1871 3064 deponentibus,
1894 2977 1962 3059 ejus

468 3099 500 3154 8·
517 3087 1148 3168 maupitarudiatosulmaaorspsrsus·
1207 3086 1281 3161 dei,
1324 3099 1446 3166 nempe
1477 3079 1618 3145 valentis
1650 3079 1694 3144 ad
1727 3079 1871 3144 morbos
1899 3093 1962 3142 uss

469 3187 571 3270 Typi,
592 3207 675 3269 quoa
692 3199 832 3269 quatuor
849 3184 978 3267 priores
988 3182 1080 3244 annai
1096 3199 1152 3244 ex·
1207 3181 1449 3258 immittendos,
1472 3203 1569 3270 quarn
1587 3181 1853 3268 propulsandos,
1876 3179 1961 3246 auxi·

405 3283 540 3361 bibant,
571 3283 612 3348 ad
634 3286 821 3349 caracallae
843 3286 1063 3360 curationem,
1083 3296 1152 3346 tam
1206 3289 1288 3351 lium
1303 3285 1515 3370 imploratum
1531 3283 1668 3367 publica
1687 3297 1755 3348 est.
1772 3281 1960 3366 Apollinem

404 3387 530 3464 auimo,
565 3407 664 3470 quam
695 3403 836 3468 corpure
867 3385 976 3468 aegri,
1013 3385 1148 3449 omuino
1204 3399 1426 3472 cognomento
1447 3389 1628 3460 (iristitiam,¹
1647 3385 1745 3466 cujus
1761 3383 1861 3467 plura
1880 3404 1961 3448 mss·

405 3485 586 3552 referendi.
606 3487 659 3548 De
676 3485 861 3549 miserando
880 3485 951 3568 ejus
965 3499 1050 3549 statu
1064 3487 1152 3548 mira
1205 3511 1298 3554 mora
1312 3486 1470 3570 prodaris
1490 3487 1675 3562 Gruterus,
1697 3507 1717 3550 a
1738 3485 1909 3550 Caracalla
1925 3487 1957 3548 iu

403 3587 571 3673 praedicat
597 3589 663 3652 Die
678 3606 837 3663 coaevus,
868 3586 933 3650 etsi
948 3587 1089 3664 alienas,
1111 3599 1146 3650 ct
1202 3593 1253 3656 bis
1268 3589 1336 3653 suis
1353 3587 1451 3650 malis
1464 3587 1715 3672 interpelletur
1738 3585 1865 3653 diserte
1889 3607 1961 3674 pru·

402 3687 562 3752 ridiculas
579 3685 651 3772 ejus
673 3707 786 3752 causas
811 3699 930 3754 statuat
945 3688 985 3772 ⁸).
1012 3689 1146 3752 Postea·
1204 3693 1251 3758 dit
1266 3692 1333 3755 Dio
1347 3686 1392 3769 ¹²).

401 3807 518 3872 quanm
546 3789 607 3866 sis,
636 3799 743 3854 terras
764 3807 880 3852 omues
904 3809 945 3856 sc
961 3789 1064 3854 maria
1087 3789 1147 3852 mi·
1267 3810 1299 3859 a.
1329 3787 1546 3873 Aesculapius
1567 3801 1602 3854 et
1624 3789 1879 3873 Telesphorus,
1909 3807 1960 3854 co·

377 3907 513 3952 ¹seratas
534 3889 568 3952 in
594 3889 729 3954 modum
748 3901 925 3966 vastasset,
956 3889 1089 3954 tandem
1111 3889 1150 3952 iu
1205 3893 1295 3982 gnita
1311 3893 1352 3956 iis
1366 3889 1517 3968 numius,
1539 3889 1599 3976 qui
1612 3889 1824 3976 separandae
1837 3889 1963 3954 valetu-

403 3990 576 4054 amentiam
594 4011 632 4054 aa
653 3991 800 4054 iurarem
818 3991 1034 4074 prolapsurus
1048 4002 1147 4074 atque
1205 3995 1273 4056 dini
1292 4013 1404 4060 curam
1421 3987 1634 4074 impendunt.
1650 3991 1847 4076 Aesculapii
1863 3991 1959 4054 ctiam

403 4091 496 4153 huuc
519 4089 583 4154 sibi
616 4089 657 4156 ab
688 4091 849 4169 boatium,
891 4091 1152 4156 Alamannorum
1204 4117 1223 4158 a
1253 4093 1421 4158 Caracalla
1452 4091 1667 4177 imploratam
1701 4109 1807 4176 opem
1840 4091 1960 4156 eodem

401 4189 599 4273 praecipue,
627 4189 902 4257 incantationibus
915 4211 983 4279 per
1001 4190 1145 4276 magicas
1201 4195 1278 4260 loco
1296 4195 1362 4257 Dio
1379 4206 1553 4256 memorat.
1574 4197 1653 4260 Huc
1678 4193 1851 4280 pertinet,
1874 4187 1960 4279 qood

399 4299 488 4350 ntea
505 4287 697 4353 immissum.
725 4291 908 4358 baborasaa
922 4291 1144 4358 eum-morbis
1200 4295 1307 4360 rciert
1341 4294 1574 4382 Herodianus,
1612 4293 1842 4373 caracallam,
1885 4315 1960 4359 cum

401 4387 521 4470 partim
540 4389 739 4468 manifestis,
768 4393 886 4476 partim
907 4395 1058 4462 occultis.
1095 4397 1144 4458 'At
1201 4415 1242 4460 cx
1265 4395 1407 4460 Thracia
1430 4397 1466 4460 in
1486 4398 1600 4483 Asiam
1630 4398 1825 4482 trajiceret,
1854 4395 1965 4460 adisse

401 4485 592 4568 cumprimis
605 4503 748 4554 mentem
766 4492 959 4560 solicitatam
978 4495 1143 4561 atrocibus
1199 4499 1419 4582 Pergamum,
1451 4511 1489 4562 ut
1513 4499 1723 4585 Aesculapii,
1764 4495 1856 4585 apud
1889 4485 1969 4561 eam'

395 4631 1951 4673 Ἣ

440 4713 471 4784 a)
490 4709 523 4771 I..
543 4711 689 4778 lxxvii
709 4719 735 4792 i.
756 4727 799 4781 ts
870 4719 907 4795 b)
926 4721 947 4781 l.
966 4731 995 4784 c‘.
