4186 5492
444 525 520 594 πο
1008 477 1431 588 nnsote'auvs,

496 707 499 712 ·
595 695 636 756 Vt
656 694 704 756 lit.
730 694 769 758 G.
790 701 824 756 et
841 695 881 758 Ε.
1226 711 1346 759 -ntore
1367 691 1504 760 Gruteri
1525 689 1666 778 legitera
1699 689 1816 758 eom.
1837 691 1997 757 totot-

445 793 665 862 lNVlC'I'VS.
693 789 936 860 SACERDOS.
958 787 1062 860 Avo.
1093 793 1196 876 Impe·
1250 795 1371 860 BALO
1387 791 1998 878 b).Atrectesecundnmnunsosmar·

447 907 539 962 rator
551 907 679 980 topatus
694 909 784 960 stam
806 906 881 960 anta
897 917 990 958 aram
1008 897 1145 976 ipsitam
1166 917 1193 959 s.
1246 917 1325 961 mor
1359 897 1562 961 Pannonium
1599 897 1723 960 editum
1760 915 1870 979 nuper
1906 917 1925 957 a
1954 895 1996 957 cl.

444 1002 576 1079 palmae
589 1019 723 1072 ramum,
745 1001 896 1061 humidos
911 999 1052 1073 victima,
1064 999 1100 1060 in
1112 1017 1193 1063 area
1249 999 1484 1063 Schdnwisner
1498 998 1547 1080 ο)ε
1569 997 1675 1062 DEO.
1704 995 1818 1061 sont.
1835 995 1997 1060 ELAGA·

446 1111 580 1166 mtrem.
602 1099 672 1160 ΑΒ.
698 1099 767 1162 ΑΕ.
786 1099 813 1159 l.
836 1097 1060 1180 (illucesce.)
1247 1101 1345 1164 stt-L.
1362 1099 1552 1163 Herodiano
1569 1098 1886 1183 εαῑΕλαιαιγαβαλος,
1901 1097 1995 1160 Lem·

588 1203 631 1263 Vt
651 1205 700 1265 lit.
720 1205 759 1264 G.
774 1211 807 1262 et
819 1204 858 1262 Ε.
1246 1201 1376 1286 pridio,
1396 1201 1536 1290 aliisque
1558 1199 1726 1264 inferioris
1755 1201 1829 1264 aeti
1854 1201 1996 1284 seriptu-

443 1300 690 1366 SACERDOS.
717 1301 803 1364 DEI.
830 1299 968 1368 sohte.
1001 1301 1189 1366 ELAGAB.
1246 1303 1338 1368 ribus
1349 1306 1598 1386 Heliopobalus,
1615 1301 1716 1364 Dioni
1726 1301 1938 1385 Ελεεγαβαλος
1951 1299 1993 1382 d),

447 1407 689 1484 murmurillo.
711 1401 1063 1487 AR.AE.L11.(Mus.
1081 1405 1190 1488 Caes.)
1247 1403 1280 1468 et
1304 1405 1411 1480 numi,
1442 1423 1525 1488 quos
1548 1403 1666 1478 citari,
1695 1407 1916 1485 Elapabalnm
1949 1403 1994 1467 di·

589 1507 631 1566 Vt
652 1507 700 1568 lit.
719 1509 760 1570 G.
1247 1519 1335 1570 serte
1354 1519 1483 1574 vocant.
1504 1506 1648 1588 Etymon
1666 1523 1707 1566 ex
1725 1504 1840 1589 lingua
1856 1505 1992 1569 Hebrai·

445 1605 638 1672 svttttvs
656 1603 897 1671 SACERDOS.
914 1604 1016 1676 Avo.
1031 1611 1189 1688 lypusss'·
1246 1627 1300 1684 ca,
1323 1621 1378 1670 eut
1401 1607 1478 1672 huic
1499 1605 1834 1683 adflne'duccndnur,
1866 1619 1902 1671 et
1926 1609 1992 1694 qni·

442 1709 541 1769 milis.
562 1705 633 1770 ΑΒ.
649 1707 749 1788 (blus.
764 1705 879 1788 Caesa)
926 1783 945 1820 ν
1246 1707 1321 1770 dem
1343 1699 1457 1793 priore
1484 1709 1534 1771 sni
1557 1723 1650 1793 parte
1670 1707 1711 1770 ab
1729 1677 1804 1789 bu,
1827 1728 1913 1792 quae
1929 1730 1991 1774 vox

590 1811 632 1868 Vt
651 1811 700 1869 tit.
723 1815 762 1887 G.
1244 1815 1337 1874 deum
1355 1824 1463 1887 notet,
1486 1809 1725 1885 indubitatum,
1747 1830 1936 1894 quanquam
1951 1809 1989 1874 de

438 1908 478 1971 P.
500 1909 546 1970 tt.
568 1909 638 1970 ΤΒ.
657 1911 693 1973 Ρ.
712 1914 768 1976 lll.
784 1909 877 1976 COS.
904 1913 962 1980 ΠΙ.
987 1915 1026 1980 Ρ.
1042 1913 1081 1977 Ρ.
1124 1918 1187 1980 Im·
1245 1912 1347 1974 altera
1373 1925 1465 1995 parte
1489 1881 1555 1992 [223
1578 1910 1745 1996 litigetur,
1767 1910 1812 1972 de
1834 1932 1901 1996 quo
1916 1910 1987 1975 vide

436 2019 569 2088 perator
583 2020 673 2072 stans
687 2018 835 2076 adaram
848 2020 1056 2097 d.patcram,
1078 2021 1187 2097 apal—
1245 2013 1478 2097 Sp'anbemiunr
1495 2013 1544 2092 ⁰),
1574 2025 1607 2074 et
1631 2011 1807 2093 Belleyum
1829 2009 1867 2092 s).
1893 2015 1988 2076 Pere-

441 2136 515 2178 mae
531 2137 670 2193 ramum,
689 2137 773 2196 pone
796 2121 860 2188 duc
883 2121 1033 2195 hastilia,
1056 2141 1187 2203 quorum
1246 2115 1376 2198 grinnm
1396 2116 1484 2177 hunc
1506 2113 1605 2200 deum
1625 2112 1768 2176 eundem
1792 2111 1899 2176 luisse
1916 2136 1985 2178 cum

439 2238 539 2282 unum
558 2221 731 2298 inferrem
748 2223 1031 2297 acutumdcsr'nit,
1052 2207 1187 2288 atterius
1246 2217 1348 2294 Sole,
1369 2214 1461 2278 numi
1484 2227 1694 2298 praesentes,
1725 2227 1824 2303 etque
1849 2217 1913 2278 elia
1936 2238 1986 2280 re·

440 2321 477 2380 ἐκ
492 2339 615 2386 conum.
637 2321 707 2382 AR.
730 2321 831 2400 (Mus.
850 2321 957 2400 Caes.)
1242 2331 1351 2382 terum
1373 2315 1559 2380 testimonia
1583 2314 1712 2376 abunde
1740 2328 1922 2394 testantur,
1943 2334 1986 2382 at·

501 2419 665 2496 Binumi,
688 2420 835 2482 insanum
850 2419 1021 2506 Elegubeli
1037 2421 1186 2504 iuSyria·
1241 2439 1306 2504 quo
1322 2420 1399 2483 binc
1417 2415 1551 2481 fluxerit
1567 2417 1767 2498 scriptorum
1793 2417 1901 2480 minus
1916 2439 1984 2482 eru·

438 2541 513 2585 cum
540 2543 634 2584 suum
663 2542 785 2584 numen
815 2521 979 2586 adlectum
1008 2537 1184 2601 testantes,
1242 2521 1385 2584 ditonum
1411 2539 1522 2594 error,
1545 2517 1620 2602 qui,
1643 2517 1731 2601 quod
1756 2539 1819 2602 pro
1841 2520 1920 2583 Sole
1933 2521 1983 2582 ba·

435 2639 506 2684 non
525 2642 639 2686 omues
659 2645 743 2687 enno
769 2638 941 2708 praesente
960 2624 1077 2710 signati
1090 2629 1183 2688 bunt:
1234 2623 1398 2699 bebatur,
1422 2621 1478 2707 qui
1497 2619 1640 2682 Graecis
1663 2616 1768 2695 ἥλιος,
1791 2641 1907 2684 rocem
1931 2623 1982 2702 by·

435 2743 512 2785 nam
535 2723 643 2806 primo
675 2738 709 2786 et
742 2724 886 2792 secundo
915 2725 991 2790 loco
1025 2726 1183 2812 descripti
1233 2723 1367 2786 'bridam
1400 2725 1647 2803 llcliopnbalum
1682 2719 1866 2784 conlisere.
1907 2723 1981 2805 Ejus

437 2836 576 2907 propter
603 2823 795 2890 delicatiora
817 2827 884 2890 oris
908 2827 1105 2892 lineamenta
1129 2851 1183 2890 an·
1238 2845 1352 2890 veram
1377 2823 1518 2886 sormam
1540 2823 1632 2885 numi
1658 2825 1682 2884 1.
1708 2837 1744 2884 et
1765 2825 1808 2884 11.
1831 2825 1919 2887 clare
1941 2824 1980 2884 ob

429 2925 487 2985 ¹nis
506 2926 731 3008 superioribus
749 2941 840 2990 certo
858 2927 1037 3004 debentur,
1060 2929 1181 3013 reliqui
1239 2925 1354 2988 oculos
1372 2937 1516 3008 ponunt,
1539 2923 1695 2987 nimirum
1712 2921 1820 3007 ligura
1833 2925 1917 3000 coni,
1934 2943 1981 2988 re·

435 3022 589 3106 quoniam
606 3023 774 3090 barbulam
790 3027 990 3091 luculentam
1007 3041 1179 3105 ostentant,
1231 3025 1327 3110 ‘lique
1364 3045 1507 3088 consona
1540 3025 1721 3110 explicabit
1756 3025 1977 3100 Herodianus,

305 3178 313 3189 ,
434 3143 521 3184 enno
544 3123 639 3197 huic,
664 3139 697 3186 ot
725 3127 874 3208 sequenti
900 3127 971 3209 ejus
1001 3142 1179 3211 postremo.
1238 3130 1442 3191 siamlacrum
1468 3131 1553 3206 efer,
1576 3125 1701 3211 inquit,
1724 3139 1982 3210 nequaquam,ut

439 3221 651 3306 conjungere
691 3239 799 3289 temen
832 3227 909 3288 illos
943 3228 1006 3288 etsi
1041 3227 1179 3312 disparis
1239 3231 1373 3292 Graecis
1388 3231 1604 3309 Romanisque
1620 3249 1720 3289 manu
1736 3231 1863 3307 sactum
1878 3234 1922 3290 ad
1931 3233 1979 3290 dei

432 3322 549 3386 aetatis
562 3323 694 3406 placuit,
717 3327 867 3410 quoniam
887 3343 1079 3412 argumento
1102 3353 1179 3394 con·
1236 3332 1494 3404 similitudieem,
1517 3331 1676 3407 sedlnpis
1692 3341 1743 3390 cst
1755 3333 1924 3404 maximus,
1941 3333 1978 3390 ob

306 3464 309 3473 ·
431 3421 631 3507 junguntur,
646 3437 748 3498 'certe
763 3429 852 3490 nulls
874 3428 1109 3514 chronologiae
1132 3431 1178 3516 ja·
1236 3434 1299 3492 into
1316 3433 1489 3506 rotundus,
1512 3433 1680 3492 etsensim
1692 3435 1888 3512 suscipiatur
1901 3433 1978 3491 celat

433 3537 538 3588 ctum.
560 3525 612 3588 De
634 3525 697 3592 hoc
714 3527 797 3604 deo,
821 3543 854 3592 et
870 3529 1040 3616 Elagabali
1058 3533 1177 3596 lucum
1235 3551 1345 3609 conns,
1367 3533 1456 3596 color
1471 3534 1619 3616 circiper,
1637 3535 1814 3616 feruntque
1825 3533 1976 3610 delapsam

432 3625 543 3688 studio
566 3626 647 3690 heco
670 3628 838 3696 habemus.
879 3630 959 3714 Ejus
979 3633 1176 3717 religionem
1234 3637 1333 3697 coelo.

430 3738 466 3787 et
489 3744 610 3789 nomen
632 3729 738 3815 ipsum
764 3751 837 3796 esse
866 3731 1098 3806 Phoenicium,
1129 3734 1176 3796 di·
1296 3733 1384 3798 Huic
1398 3734 1465 3796 deo
1483 3735 1703 3819 Elagabalum
1719 3751 1869 3800 nostrum
1893 3737 1974 3815 (nam
2063 3771 2064 3795 t

428 3838 517 3890 terte
533 3829 645 3910 prodit
655 3833 863 3898 Herodianus
880 3835 920 3912 ¹¹).
931 3837 1012 3896 Nem
1023 3833 1175 3898 habuisse
1230 3859 1250 3898 a
1270 3833 1332 3899 dco
1347 3837 1382 3897 in
1404 3837 1567 3900 cultorem
1593 3839 1775 3922 appellatio
1793 3837 1899 3917 fluxit)
1916 3835 1974 3898 eni·

430 3944 507 3988 eum
529 3929 616 4010 apud
631 3933 803 4012 Emesam,
825 3937 880 4000 vel
901 3935 1050 3996 'Emisam
1070 3935 1177 4014 (utro·
1232 3937 1304 3999 rins
1328 3935 1433 4000 fuisse
1454 3935 1642 4012 addictum,
1666 3940 1824 4023 quoniam
1845 3937 1972 4023 patrium
2061 3925 2062 3928 ¹

430 4045 496 4108 qne
517 4029 616 4094 modo
637 4035 807 4117 scribitur)
833 4035 947 4117 Syriae
966 4035 1018 4098 sel
1035 4035 1175 4098 Phoeni·
1231 4037 1318 4099 istud
1341 4037 1527 4101 institutum
1556 4039 1636 4114 suit,
1661 4054 1696 4101 et
1721 4039 1795 4123 ejus
1821 4041 1888 4124 ipsc
1916 4037 1970 4116 jan

428 4143 486 4190 ees
503 4127 641 4209 urbem,
665 4149 756 4200 certe
785 4138 817 4198 in
835 4138 1004 4221 utriusque
1030 4135 1172 4200 confinio
1229 4157 1313 4222 puer
1331 4137 1506 4212 sacerdos,
1529 4159 1739 4224 nequaquam
1756 4141 1884 4214 mirum,
1902 4136 1969 4222 quin
2047 4198 2050 4209 .

427 4223 523 4289 sitem
540 4233 698 4314 templum
716 4239 890 4300 maximum
915 4257 994 4298 auro
1016 4237 1171 4320 plurimo,
1229 4252 1263 4300 et
1289 4240 1483 4324 religiosum
1510 4239 1703 4303 habebatur.
1739 4239 1969 4326 Atquodmor
2047 4264 2050 4331 Ξ

294 4338 299 4349 ’
425 4336 464 4386 et
480 4329 634 4408 pretiosis
651 4335 812 4420 lapidibus
828 4337 986 4402 refertum
1000 4351 1169 4402 memoret.
1227 4337 1267 4401 ab
1285 4337 1373 4402 ndito
1400 4341 1561 4425 imperio,
1586 4361 1663 4405 cnm
1690 4345 1802 4428 gentis
1823 4343 1969 4425 imperen-

428 4423 512 4505 ujus
539 4449 659 4494 nomen
693 4437 783 4500 varie
815 4437 974 4523 proditur.
1017 4439 1055 4500 ln
1086 4461 1169 4501 mar·
1226 4437 1268 4501 tis
1296 4441 1504 4526 suscipienda
1528 4463 1621 4508 sacra
1643 4445 1743 4508 ratio»
1764 4444 1836 4529 ipsa
1858 4439 1970 4527 praeei-
2045 4529 2046 4558 ,

427 4567 1961 4612 Ἢ
2045 4559 2046 4562 ¹

464 4653 497 4722 a)
516 4650 547 4708 in
561 4655 699 4714 blacrino.
791 4663 824 4738 b)
843 4669 968 4743 Peme.
989 4683 1030 4731 12.
1105 4670 1344 4744 c)lterl'aunon.
1362 4673 1578 4751 P.11.p.ttr.-
1649 4677 1733 4750 d)L.
1752 4675 1967 4748 LXXJx·l·¹¹·

424 4740 455 4808 e)
475 4737 557 4798 cres.
573 4741 677 4823 Iuliani
694 4748 817 4812 Preuves
827 4773 862 4832 p.
877 4760 924 4820 lto·
1013 4760 1040 4833 l)
1059 4761 1091 4819 Β.
1106 4761 1139 4822 L.
1162 4759 1229 4820 bist.
1248 4763 1281 4820 Τ.
1301 4763 1407 4826 xvltt.
1431 4783 1464 4842 p.
1483 4775 1545 4830 231.
