4224 5506
613 521 616 526 ·
748 479 1093 555 COMMODVS.

145 667 264 737 VERl.
281 671 351 734 1³11.
372 661 756 760 resurrectum.
769 660 911 756 ‘lulius¹

148 793 214 859 que
237 771 354 859 similis
377 766 622 854 argumenta).
659 770 742 830 Item
760 766 794 828 in
811 763 896 831 Cani
956 765 1167 827 Coloniarum.

148 871 374 954 stitutionibns
389 869 583 936 Alexandri:
605 873 683 932 Diui
699 859 844 944 Marciis,
862 877 897 940 ‚at
1015 865 1141 926 Harum
1154 885 1284 954 quoquo
1308 884 1436 934 moneta
1451 871 1602 938 abundat,

150 979 338 1042 somonam
353 975 393 1057 ο).
425 975 550 1036 Tamen
571 969 896 1066 hanc'hominisim·
953 969 1155 1029 Antiocioni.

120 1153 122 1156 Ι
148 1077 227 1161 pusi
250 1074 531 1141 consecrationem
550 1095 568 1137 a
587 1071 698 1135 multis
717 1069 820 1136 inisse
837 1073 897 1136 im·
1016 1064 1084 1127 Sub
1104 1066 1286 1164 Commodo
1312 1069 1486 1152 rarissimi,
1520 1091 1554 1140 ut
1571 1075 1692 1144 dictum

150 1179 332 1264 probatam,
355 1188 409 1240 aut
424 1188 515 1237 certe
532 1175 737 1258 neglectam,
760 1195 807 1238 ex·
815 1175 896 1259 ipsis
953 1166 985 1228 ln
1003 1167 1075 1250 eius
1092 1167 1183 1229 urbis
1200 1183 1344 1237 moneta.
1402 1207 1404 1212 ·

150 1293 301 1343 veterum
333 1276 551 1340 monumentis
581 1275 809 1360 perspicimus.
858 1279 895 1338 ln
952 1271 1180 1330 Alexandrini·

51 1380 55 1390 ’
151 1379 355 1444 Kalandsrio
387 1377 537 1460 Dionysii
558 1376 740 1454 Philocali,
777 1379 895 1462 inquo
1016 1368 1441 1452 M⁸ss¹¹⁰hi⁵⁰nttittmero
1465 1379 1695 1467 Annosimps-

149 1502 267 1544 omne,
291 1480 441 1544 divorum
455 1479 677 1564 Augustorum
698 1479 821 1542 natales
843 1499 897 1542 ω.
953 1469 995 1531 rii
1010 1472 1055 1530 Μ.
1072 1469 1197 1531 Aurelii
1223 1470 1283 1532 sub
1306 1471 1375 1534 lilio
1401 1475 1502 1539 inisse
1530 1486 1695 1550 continuu-

148 1583 341 1658 ssbrsnur,
365 1580 537 1646 Commodi
555 1579 711 1650 memori.
727 1580 896 1654 recessus.
953 1579 1020 1646 tos,
1043 1569 1182 1632 diximus
1198 1571 1231 1632 in
1249 1563 1301 1634 his
1318 1575 1393 1643 vot.
1412 1579 1466 1647 1v.
1490 1602 1563 1666 pag.
1586 1607 1638 1666 77,
1769 1613 1772 1618 ,

150 1683 326 1747 Omittitur
345 1683 442 1745 etiam
466 1682 500 1742 in
516 1680 624 1744 indice
651 1693 764 1744 vetere
782 1682 897 1742 Caesa·

149 1805 227 1848 rnm
247 1797 533 1859 consecratorum,
564 1801 662 1866 quem
688 1781 895 1844 aPeirescio
952 1811 1332 1874 Derarptamummm
1348 1826 1694 1888 auroommt'ommoor.
1776 1829 1788 1848 .

148 1899 320 1971 repertum
344 1898 419 1969 post
433 1883 605 1968 Aegidium
621 1881 823 1946 Eucherium
841 1883 896 1950 ad·

152 1989 296 2053 cursam
317 1987 419 2050 eatan
436 1987 478 2050 οι.
498 1985 654 2048 narinus
670 1983 723 2066 a),
745 1987 796 2050 tn.
813 1988 896 2052 meo
1017 1975 1098 2038 Cum
1123 1975 1261 2038 sitorum
1280 1977 1513 2076 imrerstorum
1533 1988 1624 2049 numi
1642 2013 1696 2056 au·

152 2088 342 2153 auctoribus
366 2089 467 2174 magis
491 2089 716 2174 incorruptum
739 2111 831 2152 sunm
848 2090 897 2173 ju·
953 2075 1003 2136 1¹⁰5
1018 2075 1104 2159 l¹¹⁸l⁰
1119 2095 1257 2138 flumem
1275 2079 1456 2162 ⁸¹¹P²P⁸l¹¹ls
1480 2087 1598 2150 mltum
1619 2111 1697 2173 pro·

154 2179 296 2268 dicium,
327 2211 422 2275 quam
445 2205 575 2255 sanatus
601 2193 826 2256 auctoritatem
847 2213 897 2256 ὅθ.
953 2177 1060 2252 secto,
1090 2197 1183 2238 raros
1208 2177 1290 2240 adeo
1308 2199 1380 2241 csso
1398 2184 1570 2248 Commodi
1585 2189 1617 2250 in
1632 2190 1695 2254 hoc

152 2293 252 2370 cutis,
293 2292 382 2379 qnod
406 2313 446 2356 eo
471 2294 580 2356 etiam.
595 2291 807 2358 confirmatur
831 2317 897 2359 ms·

154 2395 225 2479 gis,
256 2394 345 2479 qnod
370 2395 469 2459 iidem
486 2393 659 2458 infaustam
686 2417 816 2480 quoque
843 2397 895 2462 Ti.

154 2495 302 2572 Claudii,
335 2509 368 2560 ct
394 2497 581 2563 caracallae
614 2498 895 2562 consecrationem

153 2599 331 2663 reticuere.

293 2807 393 2868 Numi
407 2808 572 2870 commatis
582 2813 758 2890 pararini.

298 2993 428 3053 Vrbiurn
440 2993 620 3055 liberarum.

215 3090 342 3152 Harum
374 3092 464 3154 numi
495 3093 630 3176 copiosi.
667 3095 816 3157 Incertae
843 3117 897 3180 ps·

152 3191 236 3253 triae
253 3191 358 3254 videri
381 3193 506 3276 possint
528 3193 618 3255 numi
635 3196 728 3258 aenei
746 3199 800 3264 tv.
830 3198 898 3260 sor-

153 3273 245 3369 mac,
284 3295 319 3354 in
347 3313 485 3377 quorum
510 3317 573 3356 una
598 3296 683 3358 facie
708 3311 758 3359 est
789 3313 895 3380 caput,

154 3407 187 3456 et
196 3393 375 3479 epigraphe
385 3397 565 3472 Commodi,
584 3397 616 3458 in
626 3380 896 3461 alteratTllEP.

156 3491 311 3559 NlKHC.
328 3491 593 3574 PtoMAuoN,
613 3513 646 3562 et
660 3513 774 3583 typus:
798 3505 899 3581 Caput

153 3601 305 3662 muliebre
327 3599 467 3661 colatum
491 3606 649 3666 turritum.
689 3602 741 3663 De
757 3600 808 3663 his
831 3601 895 3684 jam

153 3697 260 3782 aliqua
270 3700 424 3783 praecepi
440 3701 473 3761 in
493 3701 599 3762 numia
618 3703 787 3766 commatis
804 3723 898 3787 pere·

152 3798 241 3882 grini
263 3804 309 3864 ld.
324 3801 469 3878 Aurelii,
498 3825 571 3868 cum
593 3803 633 3866 de
657 3805 765 3868 numis
783 3825 893 3888 argon·

151 3900 216 3964 teis
245 3901 396 3966 similitor
413 3904 578 3992 inscriptis
597 3927 741 3992 agerem.
775 3906 899 3972 Verisi-

151 4001 266 4064 milem
291 4021 404 4066 eornm
421 4009 559 4089 patriam
582 4029 654 4072 csse
673 4009 812 4074 Carrhas
828 4012 898 4072 Me·

153 4105 371 4190 sopotamise,
394 4108 470 4170 alibi
488 4109 556 4170 dixi
572 4111 611 4191 ε).

216 4209 255 4268 ln
282 4227 382 4270 numo
407 4212 563 4274 Tarsensi
584 4235 668 4278 max.
690 4213 778 4277 mod.
803 4213 898 4277 Com-

150 4309 270 4374 modus
290 4329 356 4372 uon
371 4311 536 4390 lauream,
565 4316 624 4378 sed
640 4317 789 4381 diadema
805 4335 897 4402 prae·

150 4411 228 4476 fert.
261 4413 361 4494 (Mas.
378 4414 496 4478 Albani
514 4415 579 4481 tab.
597 4419 666 4501 44.)

205 4629 238 4700 a)
257 4627 327 4706 Pug.
342 4631 405 4694 261.
425 4639 451 4694 5.
532 4632 841 4709 b)Psg.1ar.s.u.
862 4644 924 4705 191.
944 4641 970 4694 5.
1033 4633 1063 4703 c)
1083 4629 1159 4692 cod
1179 4627 1212 4690 1..
1229 4627 1280 4691 IV.
1299 4623 1341 4684 tit.
1361 4637 1405 4692 57.
1425 4623 1483 4688 tris.
1564 4621 1694 4699 d)1‹“1·u.
1823 4609 1826 4616 ’

953 2278 1088 2340 metallo
1114 2297 1249 2354 numos,
1278 2293 1314 2341 ut
1338 2281 1466 2346 facilius
1495 2301 1626 2352 centnm
1650 2293 1698 2354 al·

953 2380 1056 2442 terius
1076 2378 1229 2462 Augusti,
1254 2401 1364 2465 ·quam
1391 2406 1491 2447 unum
1520 2388 1617 2472 hujus
1643 2414 1697 2457 re·

952 2483 1079 2568 perias,
1103 2501 1177 2545 cum
1202 2491 1310 2543 tamen
1328 2485 1497 2550 metallum
1522 2487 1610 2551 istud
1631 2491 1695 2557 hoc

953 2587 1134 2669 imperante
1152 2586 1253 2670 magis
1263 2586 1427 2652 abundare
1436 2588 1593 2652 debuerat
1608 2636 1617 2668 ,
1640 2595 1696 2678 qui

952 2691 1093 2770 tempus,
1116 2707 1333 2770 qaosummae
1349 2691 1399 2752 rei
1415 2691 1566 2774 praefuit,
1589 2715 1698 2758 saecu·

954 2792 1020 2852 lum
1036 2809 1167 2851 aureum
1184 2790 1294 2851 vocari
1312 2793 1498 2876 praecepit,
1521 2807 1557 2855 ut
1580 2793 1621 2855 ad
1642 2817 1697 2858 an·

953 2911 1032 2951 num
1046 2891 1087 2958 V.
1108 2890 1144 2954 C.
1164 2889 1226 2970 ott
1247 2889 1429 2955 docuimus.
1476 2895 1600 2971 Erunt,
1640 2897 1696 2982 qni

953 2991 1025 3075 ejus
1049 3011 1178 3054 causam
1204 2992 1237 3052 in
1264 3007 1468 3076 exportatum
1493 2993 1617 3078 majora
1641 3017 1695 3061 co-

953 3095 1006 3179 pia
1027 3113 1142 3156 surum
1171 3093 1281 3155 volent
1298 3092 1445 3172 referre,
1469 3116 1534 3180 quo
1551 3097 1696 3162 desidiae

954 3197 1025 3280 ipse
1049 3213 1283 3278 amanspacem
1309 3194 1489 3259 sbarbaris
1506 3198 1696 3275 redimeret,

954 3295 1043 3382 quod
1066 3295 1106 3356 sb
1131 3313 1172 3356 eo
1190 3294 1370 3358 factitatum
1396 3313 1511 3361 suctor
1527 3313 1577 3363 est
1592 3304 1699 3366 Hero·

954 3397 1080 3476 dianus.
1124 3397 1258 3459 Constat
1280 3397 1396 3474 ctiam,
1425 3397 1488 3464 hoc
1515 3401 1697 3486 imperante

952 3519 1087 3574 aarum,
1125 3501 1213 3582 quod
1235 3503 1339 3566 multo
1373 3503 1484 3565 utilius
1509 3505 1616 3566 maleo
1641 3503 1696 3567 de-

956 3601 1271 3680 stinandumluerat,
1296 3605 1398 3666 multo
1416 3625 1512 3690 quam
1523 3619 1616 3667 antea
1632 3605 1698 3668 sre-

956 3702 1106 3787 quentius
1125 3701 1158 3762 in
1185 3704 1280 3766 luxus
1301 3703 1403 3786 inepti
1427 3703 1578 3767 alimenta
1595 3706 1696 3768 inisse

956 3802 1148 3868 derivatum.
1178 3809 1383 3889 Argumenta
1394 3818 1465 3867 esto
1482 3819 1584 3868 statua
1598 3827 1697 3870 aurea

953 3906 1111 3968 librarum
1140 3905 1231 3969 mille
1267 3928 1341 3969 cum
1373 3919 1485 3982 tauro,
1523 3919 1557 3969 et
1587 3927 1698 3982 vacca,

955 4029 1051 4092 quam
1070 4007 1251 4072 Commodo
1276 4007 1377 4070 inisse
1404 4007 1561 4092 positam,
1591 4003 1699 4069 refert

954 4110 1040 4186 Dio,
1063 4109 1118 4194 qui
1135 4121 1250 4175 cuncto
1266 4109 1348 4194 liaeo
1366 4109 1508 4193 stuporis
1525 4125 1698 4191 argumen-

955 4225 987 4274 ta
1003 4233 1113 4275 coram
1138 4212 1209 4296 ipsc
1233 4211 1315 4276 vidit
1338 4207 1375 4291 s).
1411 4211 1548 4273 Ancum
1571 4209 1605 4270 in
1624 4208 1695 4291 ejus

955 4313 1102 4376 defuncti
1127 4311 1319 4377 memoriam
1343 4309 1391 4371 ira
1412 4309 1612 4396 implacabili
1628 4327 1697 4372 sae-

953 4391 1040 4484 viret
1059 4431 1200 4490 sanstus,
1222 4398 1377 4477 censente
1392 4411 1694 4496 interuliosCingio

151 4735 211 4776 arr.
232 4735 262 4795 p·
281 4727 345 4784 ³87·
419 4723 449 4794 e)
468 4721 536 4784 Vol.
552 4722 605 4786 tv.
623 4740 655 4800 p·
671 4731 734 4786 508·
806 4719 882 4794 nt..
902 4720 1018 4778 LXXII·
1039 4721 1062 4793 l·
1082 4731 1125 4784 ¹⁵·
