4186 5492
575 543 597 612 j
690 491 1130 571 ·ELAGABALVS
1628 517 1699 582 em

148 673 360 767 peret,'ipse'
380 670 671 749 biictc'ranciret,
692 683 730 734 ut
748 671 820 736 aliis
836 673 899 738 <liis
957 687 991 738 ct
1005 674 1229 759 Lampridium
1245 671 1288 758 ιδ).
1311 673 1482 742 Exstitisse
1494 673 1586 750 ,burro
1603 679 1702 748 (lcum

151 780 326 861 omuibus,
355 789 452 863 atque
477 774 540 859 ipsi
565 773 662 836 etiam
687 775 758 838 lori
782 777 900 862 Elaga·
956 778 1097 840 Emesae
1135 778 1245 842 adhuc
1279 779 1449 842 Aureli-ani
1490 795 1613 858 aetate,
1644 785 1703 869 qui

146 883 248 946 bolus
272 901 348 944 suus
366 875 610 964 praeferretur,
632 875 704 958 ipse
723 875 900 960 imaginem
958 898 1032 942 eum
1052 878 1195 943 dorsariis
1222 895 1255 946 et
1278 881 1410 966 templis
1428 882 1577 961 ornavit,
1596 883 1703 950 refert

150 985 296 1049 cuminis
335 982 387 1046 sui
417 981 556 1044 Romam
586 977 830 1062 praemitteret,
865 980 899 1041 iu
956 981 1119 1062 Vopiscus
1136 983 1177 1064 θ)

150 1087 262 1151 media
296 1084 387 1147 curia
417 1083 494 1146 loca
532 1079 621 1142 edito
655 1077 898 1157 collocandam,
1020 1087 1145 1172 Nemus
1167 1104 1207 1144 er
1223 1083 1401 1167 propositis
1422 1082 1547 1166 primus
1570 1091 1702 1152 rectam

149 1187 270 1252 urbem
285 1188 453 1271 ingrersus
464 1181 497 1244 ei
505 1180 662 1265 templum
674 1181 898 1257 constitueret,
956 1179 1089 1267 publice
1107 1183 1203 1248 ileum
1217 1171 1430 1268 Elagabalum
1441 1184 1590 1254 exhibet,
1609 1187 1702 1254 ldcm

149 1305 186 1354 et
207 1289 380 1352 barbarico
400 1286 470 1370 ipse
494 1285 607 1350 habitu
629 1306 667 1348 ac
693 1283 761 1344 ritu
790 1282 899 1344 munia
956 1285 1078 1350 iactum
1102 1287 1220 1350 refert¹
1237 1285 1464 1364 Herodianus,
1490 1305 1609 1372 nempe
1641 1291 1705 1354 im·

150 1389 333 1455 sacerdotis
350 1387 456 1473 palum
473 1388 680 1472 iungeretur,
695 1396 897 1465 vetaretque,
956 1387 1099 1468 positum
1118 1405 1192 1448 eum
1219 1387 1373 1450 relriculo
1390 1409 1473 1450 auru
1497 1390 1703 1475 gemmisque

151 1509 197 1554 ue
229 1491 302 1577 quis
338 1494 464 1552 Romae
499 1490 579 1552 deus
612 1485 676 1548 uisi
700 1485 899 1568 Elagabalus
958 1485 1396 1572 distincto,rleductumque
1417 1509 1459 1550 ex
1479 1491 1705 1558 urheiusub·

152 1611 233 1656 suus
249 1591 437 1669 coleretur,
456 1590 491 1654 isl
502 1610 580 1653 vero
597 1586 806 1652 intolerabile
822 1607 900 1650 cun·
957 1587 1139 1663 urbanum,
1162 1608 1227 1670 quo
1242 1588 1317 1651 loco
1334 1587 1404 1668 ejus
1426 1591 1584 1676 templum
1601 1595 1704 1670 stetit,

153 1694 217 1759 etis
231 1693 352 1760 vistula.⁴
372 1692 522 1758 Accessit
544 1703 712 1754 extremae
739 1687 899 1750 amentiae
958 1702 1137 1770 praecunte
1157 1708 1289 1752 currum
1312 1690 1510 1774 imperatore
1530 1711 1574 1756 -ac
1589 1693 1706 1757 frenos

153 1809 383 1882 argumentum
409 1794 559 1872 illustro,
589 1789 677 1875 quod
705 1809 779 1852 cum
803 1786 902 1850 caeli·
958 1791 1142 1868 retinente,
1173 1811 1270 1875 quem
1295 1799 1488 1874 processum
1514 1794 1591 1856 ride
1616 1795 1704 1878 apud

153 1899 231 1961 bem
247 1919 340 1960 suum
360 1895 457 1960 ileum
478 1914 551 1958 esse
568 1892 692 1966 nollet,
714 1909 854 1952 uxorem
869 1887 900 1950 ei
957 1890 1124 1956 laudatum
1160 1905 1329 1954 auctorem
1367 1891 1561 1956 liberaliter.
1580 1893 1705 1960 ‹leseri-

153 1997 399 2084 circumsperit.
442 1997 491 2060 Ac
507 1995 614 2078 primo
631 2014 707 2056 cusu
731 1989 900 2054 Palladem
957 2003 1061 2077 ptum,
1106 1989 1195 2086 Quid
1226 2005 1341 2056 notent
1365 2009 1505 2078 quatuor
1545 1995 1702 2080 perticae,

152 2117 220 2162 arou
245 2100 413 2185 indignam
437 2117 477 2162 eo
499 2097 576 2160 loco
600 2107 748 2178 putaret,
771 2090 842 2171 ejus
860 2090 900 2152 si·
959 2111 1042 2178 quoe
1073 2112 1206 2156 currum
1230 2093 1395 2172 ambiunt,
1427 2110 1460 2159 et
1488 2103 1626 2168 totidem
1648 2121 1704 2168 co·

152 2203 339 2265 mulacrum
369 2199 446 2262 iude
473 2218 514 2260 ex
543 2216 607 2281 quo
636 2193 811 2258 advectum
839 2191 900 2254 Ilio
958 2213 1019 2258 uos
1046 2195 1224 2272 sustinent,
1252 2196 1334 2258 mibi
1356 2197 1615 2286 incompertum,
1645 2223 1720 2289 no·¹

153 2302 283 2381 iuerat,
311 2303 483 2364 immotum
516 2299 551 2360 in
581 2297 688 2360 aulam
716 2294 899 2370 transtulit,
958 2313 1022 2379 que
1049 2297 1358 2380 operaepretium,
1386 2299 1420 2362 in
1448 2307 1556 2370 omnia
1583 2307 1731 2374 stultae·

153 2423 295 2490 umque
316 2401 480 2486 nuptiales
505 2399 617 2463 taedas
639 2397 673 2458 iu
697 2395 785 2462 hunc
811 2395 899 2460 diem
958 2397 1199 2480 superstitionis
1216 2400 1371 2480 mysteria
1393 2402 1582 2488 diligentius
1598 2408 1705 2494 inqui·

153 2501 569 2587 aversatamcornpellere
602 2497 643 2561 ad
662 2497 795 2582 nuptias
825 2484 931 2560 oarru’b
957 2518 1044 2562 rere.
1089 2497 1217 2562 Eodem
1247 2503 1346 2565 modo
1377 2506 1548 2590 Heliopoli
1571 2530 1704 2594 quoque

154 2605 220 2669 deo
241 2619 333 2668 extra
350 2603 480 2668 (ioelum
504 2604 668 2665 Graecum
698 2613 774 2662 nato
797 2612 901 2662 tenta·
957 2600 1139 2662 vehebatur
1162 2602 1541 2688 deusHeliopolitanus,
1565 2612 1621 2695 qui
1641 2613 1703 2676 Sol

152 2708 212 2772 rit.
236 2707 398 2771 Continuo
421 2725 460 2769 re
483 2703 625 2770 curatius
650 2721 815 2784 expensa,
835 2699 899 2762 deo
956 2700 1035 2763 item
1047 2702 1127 2770 tuit..
1144 2703 1198 2768 Sic
1213 2706 1299 2768 enim
1319 2705 1360 2768 de
1375 2708 1437 2771 hoc
1447 2712 1633 2774 Macrobius
1650 2711 1702 2795 d)a

154 2829 217 2873 auo
231 2829 307 2873 cum
327 2828 432 2874 uxore
449 2819 571 2872 armata
594 2817 627 2866 et
649 2802 808 2865 bellicosa
832 2822 898 2864 uou
955 2807 1176 2868 reticuerim
1189 2810 1715 2890 sinrulocrumdeiHeliopolitani,

150 2925 249 2975 recte
271 2909 470 2985 convenire,
490 2908 585 2970 (leam
611 2905 817 2978 Caelestem,
841 2922 899 2986 seu
952 2907 1095 2986 ferculo,
1115 2910 1166 2969 oti
1187 2913 1341 2972 uehuntur
1364 2913 1399 2972 in
1420 2932 1539 2992 pompa
1556 2917 1702 2979 ludorum

152 3012 311 3076 Vraniam
337 3007 532 3092 Cartbagine
559 3005 781 3070 advehendum
807 3003 900 3068 cura·
957 3009 1144 3068 circensium
1163 3012 1292 3072 deorum
1309 3013 1493 3074 simulacro.
1515 3015 1703 3100 Notuspus·

151 3116 220 3191 rit,
241 3115 412 3198 praeclaro
434 3110 523 3174 istud
547 3108 704 3186 oonsilio;
726 3126 802 3170 naut
824 3123 900 3169 cum
957 3107 1017 3168 sim
1034 3107 1284 3172 simulacrorum
1302 3111 1528 3178 sicrectorum
1547 3135 1640 3178 sacer
1657 3116 1702 3180 ri·

153 3235 220 3300 apra
251 3216 310 3278 Sol
332 3211 529 3296 Elagabalus
560 3210 667 3296 aptius
704 3207 900 3274 convenien·
956 3223 1019 3271 tus.
1063 3213 1163 3272 'l'este
1179 3211 1351 3277 Herodoto
1368 3215 1509 3298 ⁰).opud
1524 3217 1715 3300 Papremin.

150 3316 287 3401 tiusque
306 3314 518 3399 jungeretur,
540 3333 637 3395 quam
652 3333 725 3375 oum
740 3310 801 3373 bac
817 3311 898 3376 Vra·
956 3309 1101 3398 Aegypti
1119 3315 1232 3376 Martis
1259 3315 1387 3398 signum
1403 3337 1556 3380 unacum
1577 3320 1701 3402 sacello

150 3417 228 3493 ria,
250 3437 346 3500 quam
372 3416 483 3478 lunam
505 3414 579 3478 atri
604 3410 790 3478 censuere?
814 3414 911 3472 Tum*
957 3431 1058 3474 curru
1077 3427 1216 3495 quatuor
1234 3429 1381 3478 rutarum
1401 3419 1594 3482 vehebatur.
1636 3423 1703 3482 Ex·

151 3539 238 3582 reru
260 3517 346 3582 urbe
368 3530 454 3594 tots,
484 3535 522 3580 ao
545 3535 607 3600 per
631 3515 776 3590 Italiam,
805 3510 900 3574 nimi·
957 3514 1065 3596 ampla
1087 3513 1182 3597 plura
1198 3515 1268 3577 alia
1296 3517 1372 3580 ride
1397 3518 1431 3579 in
1462 3539 1536 3600 mea
1562 3521 1701 3608 Sylloge

150 3641 229 3683 rum
263 3619 462 3682 nubentibus
491 3617 571 3694 diis,
600 3611 900 3692 indicta'Theoga·
956 3615 981 3674 1.
998 3617 1077 3698 Pag.
1091 3615 1145 3678 55.
1168 3614 1222 3676 Ad
1246 3615 1332 3678 idem
1351 3633 1579 3700 argumentum
1599 3623 1701 3706 perti-

152 3722 239 3797 mia,
277 3735 312 3784 et
335 3721 397 3783 ilos
423 3739 485 3804 per
509 3731 615 3780 toturn
645 3715 822 3802 imperium
843 3711 898 3776 de·
956 3727 1013 3777 net
1030 3737 1148 3777 numus
1175 3717 1237 3792 ll.,
1259 3717 1315 3800 qui
1337 3719 1551 3803 Elagabalum
1577 3743 1701 3788 correr-

153 3823 289 3906 rcripta.
337 3823 443 3886 Caeso
475 3821 675 3904 imperatore
696 3816 817 3902 patuit,
849 3813 898 3876 in·
955 3827 1095 3878 retorem
1117 3819 1260 3898 Auyurti
1281 3819 1440 3902 appellat,
1469 3833 1503 3882 et
1526 3821 1702 3888 concidens

151 3923 224 3988 rito
248 3927 444 4004 Hymenaeo
473 3919 531 3986 bos
555 3920 717 3988 coaluisse
750 3915 896 4002 ruptiss3
955 3918 1042 3980 bunc
1076 3915 1174 3980 doum
1212 3919 1341 4002 aquilae
1375 3919 1436 3981 alis
1470 3921 1701 3988 obumbratum

151 4045 230 4088 uam
247 4024 362 4107 pulsus
385 4023 469 4088 urbe
486 4026 624 4086 maritus
646 4021 793 4104 Syriam,
814 4036 900 4080 uxor
957 4017 1108 4096 exbibet,
1130 4018 1250 4100 oredo,
1273 4019 1361 4105 quosl
1379 4021 1576 4107 Elagabalus
1596 4045 1703 4112 aeque

149 4123 302 4190 Africam
333 4125 504 4210 imperato·
526 4123 668 4190 divortio
701 4120 898 4207 repetivere.
959 4120 1046 4183 Solis
1070 4140 1107 4184 ac
1130 4121 1216 4184 loris
1237 4121 1426 4207 dignitatem
1448 4123 1589 4190 obtinuit
1603 4148 1711 4207 more.¹

148 4227 247 4291 Haec
266 4227 349 4312 qtt're
367 4245 472 4312 utque
488 4226 587 4292 motlo
611 4223 726 4302 doctri,
747 4221 824 4290 vido
846 4241 902 4286 cc·
957 4223 992 4285 ia
1016 4223 1110 4305 Syria
1133 4235 1292 4306 recepto,
1325 4245 1400 4286 nom
1430 4238 1462 4286 et
1483 4225 1703 4312 Heliopolita-

152 4327 281 4413 piosius
309 4325 395 4412 apud
426 4327 571 4393 monem
595 4327 644 4409 ²),
660 4324 900 4394 ,Herodianum
958 4343 1074 4388 norum
1093 4323 1302 4405 Coelcsyriae
1324 4345 1444 4416 numen
1460 4328 1630 4418 utriusqus
1645 4328 1703 4394 ilci

191 4557 542 4634 0)L.LXXV11.§.12.
610 4552 827 4634 b)qulagab.
902 4558 932 4630 c]
949 4555 978 4614 iu
992 4555 1162 4618 Aureliano.
1229 4555 1502 4628 ¹d)Saturn.l.23.
1578 4513 1705 4636 e)L.,ll.

151 4671 178 4712 r.
198 4653 246 4719 65·
583 4655 591 4669 “
1022 4699 1025 4706 .
1400 4663 1402 4668 “

1298 4809 1349 4822 ..
1409 4723 1551 4818 'iias
