4178 5486
421 467 494 548 aaa
912 471 926 485 “
984 442 1415 534 TREBONIANVS.

421 667 496 710 rum
517 643 645 708 valeant
665 639 786 730 aniae
813 641 921 718 numi,
944 657 981 706 ut
1004 643 1038 706 in
1067 643 1164 726 bajus
1221 641 1347 704 lentum
1374 638 1573 724 permissum
1597 637 1661 704 'sibi
1684 637 1902 716 arbitrantur,
1931 639 1964 702 id

408 761 548 812 moneta
579 742 709 828 prolixa
735 742 897 826 probavi,
931 756 1041 806 tamen
1070 763 1165 827 prae·
1221 742 1333 806 faeere
1356 761 1486 826 quoque
1508 742 1721 805 Mausolenus
1742 741 1963 826 indesperata

420 863 636 912 consuamus
661 843 735 926 plus
761 843 847 908 valet
868 857 1063 928 propterea,
1085 864 1166 930 quu·
1223 863 1280 905 sua
1304 861 1401 906 causa
1424 843 1574 905 instituit.
1605 843 1756 906 Modicus
1782 862 1841 904 ero
1865 843 1900 904 in
1925 863 1963 905 eo

420 949 508 1012 niam
540 945 611 1028 ejus
640 963 755 1007 aversa
785 965 988 1030 nequaquam
1012 965 1053 1006 er
1077 959 1166 1008 ante-
1223 942 1396 1008 refutando
1422 963 1497 1007 cum
1524 958 1661 1028 propter
1685 943 1964 1008 brevitatia'inati·
2069 1017 2070 1020 Ἴ

420 1045 572 1114 cedentis
594 1046 802 1130 imperatoris
824 1047 960 1109 matrice
981 1047 1166 1110 Aemiliano
1224 1060 1347 1121 tutum,
1371 1059 1439 1108 tum
1458 1044 1547 1130 quod
1563 1045 1744 1128 generatim
1764 1045 1836 1128 ejus
1852 1042 1894 1110 de
1910 1047 1965 1110 ite·

421 1147 581 1235 applicari
604 1148 733 1230 potuit,
772 1165 857 1230 quae
883 1145 956 1210 iere
983 1147 1078 1210 unica
1104 1145 1167 1232 luit
1223 1149 1358 1216 ratalV.
1369 1145 1442 1210 idus
1455 1149 1538 1212 Dec.
1553 1145 1629 1208 trib·
1645 1159 1808 1231 potestate
1822 1144 1964 1213 docmina

420 1252 506 1315 ratio
532 1262 581 1312 tot
604 1267 757 1310 errorum
781 1248 815 1308 in
838 1249 959 1312 Daciae
982 1261 1123 1312 moneta.
1222 1249 1360 1314 laborat.

482 1355 575 1416 Haec
593 1352 762 1434 utriusque
781 1351 944 1433 opinionis
960 1350 1166 1414 incommoda
1285 1353 1311 1413 1.
1334 1353 1440 1414 Nemo
1456 1371 1523 1414 non
1538 1349 1644 1427 ridet,
1663 1346 1706 1412 ad
1722 1347 1896 1412 arbitrium
1911 1347 1964 1414 lin·

422 1477 497 1522 eum
523 1453 653 1538 rideret
677 1451 911 1525 Mausolenus,
942 1473 1030 1514 suam
1053 1471 1167 1514 rursus
1226 1451 1279 1537 gi,
1310 1451 1399 1536 quod
1423 1451 1613 1527 decumis,
1644 1450 1701 1534 qni
1720 1450 1810 1514 Galli
1829 1452 1964 1518 tribuna·
2071 1453 2072 1456 ’

422 1554 605 1624 doctrinam
630 1553 803 1636 proponit,
826 1553 866 1614 ab
887 1553 956 1628 bia,
980 1565 1015 1614 ut
1037 1552 1169 1614 sibimet
1225 1567 1295 1616 tum
1312 1555 1367 1620 tv.
1385 1553 1594 1636 praeierunt,
1623 1551 1747 1616 dudum
1772 1553 1894 1636 paratis
1917 1554 1964 1617 ad·

420 1659 484 1744 ipsi
498 1657 659 1741 palpatur,
677 1653 838 1720 molestiis
849 1665 952 1716 totum
967 1653 1112 1724 immune
1128 1658 1168 1730 ¹).
1226 1654 1319 1718 serit.
1348 1653 1501 1732 Dandum
1518 1654 1605 1718 forte
1624 1654 1731 1728 istud,
1756 1655 1785 1716 si
1802 1655 1898 1739 bnjus
1916 1675 1964 1740 ge·

421 1761 505 1824 Nam
528 1778 589 1842 pru
611 1767 748 1839 recepto
771 1775 831 1818 suo
853 1753 1037 1819 tribunatus
1055 1757 1185 1818 nume·'
1226 1757 1316 1818 neris
1333 1778 1415 1818 unus
1430 1757 1556 1820 alterve
1572 1769 1697 1842 tantum
1716 1759 1895 1832 existeret,
1915 1776 1967 1820 ue«

423 1861 520 1926 randi
547 1857 667 1932 modo,
698 1876 796 1942 quem
824 1856 902 1919 alibi
926 1857 1022 1918 latius
1049 1875 1170 1940 propo·
1225 1877 1299 1920 rum
1318 1856 1407 1920 aliud
1428 1873 1541 1943 aperte
1561 1856 1675 1920 suadet
1696 1856 1817 1919 borum
1836 1857 1964 1943 insignis

421 1982 557 2038 nemus,
582 1957 809 2024 Trebonianos
831 1957 966 2020 ineunte
988 1959 1168 2022 Decembri
1225 1979 1390 2022 numerus.
1420 1961 1460 2022 11.
1476 1963 1604 2024 Novum
1618 1955 1660 2020 ad
1675 1977 1808 2021 eausam
1824 1979 1965 2042 compro·

425 2073 509 2138 root
533 2061 639 2126 dictus
666 2063 832 2144 Augustus
860 2059 1061 2122 tribunatum
1090 2081 1169 2124 mox
1224 2059 1364 2123 bundam
1383 2060 1623 2124 Alexandrinae
1643 2059 1792 2144 epochae
1809 2059 1964 2123 caleulum

420 2165 553 2232 iteravit
577 2164 631 2226 die
656 2161 697 2224 X.
724 2159 873 2245 ejusdem
898 2163 1030 2227 mensis.
1072 2163 1168 2226 Anno
1226 2157 1411 2240 constituit,
1430 2163 1506 2226 dum
1523 2161 1737 2245 hujusannus
1752 2159 1794 2222 ad
1811 2155 1969 2225 rationem'
2071 2187 2072 2228 ι

419 2279 573 2335 vertente
596 2262 673 2326 trib.
696 2255 892 2346 potestatem
915 2263 970 2324 111.
992 2275 1044 2326 est
1064 2263 1170 2348 auspi·
1225 2265 1303 2329 t'rib.
1321 2265 1492 2350 potestatis
1512 2263 1615 2326 fuisse
1639 2278 1773 2328 exactos
1792 2263 1964 2348 praedicat,
2071 2263 2072 2320 ξ

423 2384 525 2436 estur.
558 2369 724 2451 Sequente
744 2385 828 2426 anno
850 2365 1057 2428 roobmensa
1075 2366 1168 2427 lunio
1227 2367 1316 2454 quod
1349 2381 1577 2451 argumentum
1609 2365 1644 2427 in
1673 2382 1808 2431 moneta
1834 2367 1964 2430 Alexan·

422 2469 599 2534 rebellavit
620 2465 832 2530 Aemilianus.
865 2465 1021 2528 Caeditur
1044 2465 1169 2528 'l'rebo-
1226 2469 1319 2532 drina
1349 2469 1484 2554 copioso
1513 2468 1659 2532 tractari.
1699 2469 1745 2532 At
1775 2469 1865 2532 enim
1895 2467 1964 2531 dunt

422 2572 538 2634 nianua
560 2568 694 2632 circiter
711 2581 851 2632 exeunte
870 2566 1069 2644 Novembri,
1091 2589 1167 2630 cum
1225 2569 1390 2634 rariorum
1423 2569 1541 2633 dictata
1571 2584 1706 2646 everto,
1741 2570 1834 2668 quad
1863 2569 1963 2644 heile,

422 2673 528 2758 parati
561 2673 625 2755 jam
655 2685 765 2734 essent
794 2669 886 2732 numi
914 2668 1081 2730 tribunatu
1113 2671 1168 2734 lV
1226 2685 1341 2748 erunt,
1376 2673 1431 2755 qni
1458 2675 1617 2756 aptiorem
1649 2695 1667 2733 a
1694 2692 1747 2734 me
1778 2669 1967 2744 doctrinam,

424 2773 545 2850 notati,
577 2787 611 2835 et
635 2773 689 2838 die
711 2777 751 2838 X.
777 2769 973 2836 Decembris
998 2767 1169 2854 erogandi.
1226 2775 1396 2858 magisque
1427 2773 1707 2842 adcommodatum
1739 2771 1782 2834 ad
1811 2773 1963 2836 rationem

423 2876 542 2939 Paullo
579 2889 654 2959 post
685 2875 816 2937 labente
851 2872 957 2936 adbuc
989 2872 1170 2934 Decembri
1220 2883 1412 2958 temporum
1437 2897 1455 2937 a
1479 2895 1532 2938 me
1553 2875 1741 2959 requirent,
1765 2873 1887 2957 quod'
1877 2894 1910 2933 ιιι
1931 2892 1963 2934 es

237 2961 244 2970 ⁸
285 3001 293 3010 ·
423 2975 572 3039 caeditur
601 2994 733 3058 quoque
761 2973 981 3051 Aemilianus,
1013 2987 1049 3037 et
1071 2975 1171 3041 Vale·
1228 2976 1389 3060 caligine,
1411 2995 1586 3038 numerum
1606 2975 1675 3058 ejus
1699 2975 1816 3038 aetatis
1837 2994 1964 3038 nourr·

422 3078 507 3140 riani
536 3074 733 3138 consulatui
746 3072 787 3136 ad
812 3075 978 3155 proximas
1002 3075 1169 3168 Kalendas
1226 3077 1447 3160 roperversis
1465 3077 1606 3161 legibus,
1625 3078 1873 3151 historicorum,
1889 3095 1962 3160 quos

294 3175 296 3181 ⁴
422 3182 491 3241 lan.
514 3177 626 3239 locum
648 3173 738 3236 lauit
768 3173 970 3237 Sententiam
994 3197 1083 3238 suam
1108 3189 1172 3240 sta-¹
1226 3175 1402 3242 historicos
1425 3197 1505 3242 vere
1531 3179 1701 3255 dixeris,
1691 3179 1820 3264 inopia,
1844 3197 1963 3242 eorum-
2071 3259 2072 3268 ἵ

422 3277 522 3340 bilire
547 3275 663 3337 nititur
693 3275 836 3358 primum
861 3275 968 3339 numia
993 3277 1169 3344 Viminacii
1226 3299 1308 3363 que,
1326 3278 1382 3362 qui
1399 3295 1591 3362 supersunt,
1606 3279 1827 3378 pugnantibus
1843 3293 1963 3341 senten·

423 3394 460 3442 et
478 3377 618 3452 Daciae,
638 3377 760 3440 deinde
778 3397 880 3441 numo
901 3377 1074 3441 Aemiliani
1097 3377 1172 3442 Ale·
1228 3379 1282 3441 tiis
1307 3393 1474 3464 prmaestara
1499 3393 1532 3442 te
1557 3383 1654 3464 posse
1680 3382 1777 3464 plane
1800 3379 1960 3464 desperes.

424 3479 585 3542 xandrruo
601 3499 675 3544 cum
695 3481 842 3554 annoB,
866 3498 922 3564 qus
939 3501 1041 3544 annus
1057 3480 1120 3542 11
1111 3481 1171 3542 sni·
1227 3483 1396 3548 Vttamon
1411 3481 1540 3566 aquuod
1558 3501 1666 3544 meum
1681 3501 1851 3566 specimen
1863 3483 1961 3555 edam
2071 3495 2072 3500 ’

422 3579 541 3644 sitdie
557 3582 598 3643 lb
618 3580 814 3644 Decembris
831 3603 895 3644 una
910 3602 985 3646 oum
1002 3583 1170 3653 tribunatu
1227 3581 1299 3664 ejus
1323 3583 1480 3666 temporis
1505 3582 1665 3646 rationem
1691 3603 1755 3666 per
1781 3581 1961 3668 probabiles

421 3685 554 3748 iterato.
577 3683 729 3768 Denique
745 3683 936 3767 pervenisse
951 3685 1169 3748 Aemilianum
1227 3681 1434 3764 conjecturas
1457 3703 1499 3746 ax
1524 3685 1632 3748 numia
1657 3680 1831 3763 definiam,
1853 3684 1898 3748 siu
1920 3695 1962 3746 ta·

424 3785 466 3852 ad
491 3783 568 3850 Kal.
596 3787 663 3848 lan.
692 3783 768 3847 anni
797 3784 980 3869 sequentis,
1013 3797 1068 3850 aut
1093 3805 1170 3870 pro·
1227 3803 1322 3860 uren,
1353 3799 1399 3847 nt*
1416 3785 1539 3848 Daciae
1567 3807 1607 3849 ac
1631 3786 1808 3853 viminacii
1839 3805 1958 3859 numos,

421 3886 511 3952 xime
544 3887 661 3950 saltem
689 3885 810 3950 adeas
838 3887 1016 3950 secessisse
1046 3884 1168 3949 adserit
1226 3887 1300 3970 qui,
1323 3899 1359 3948 ut
1384 3886 1561 3948 iubarum
1588 3899 1718 3949 moneta
1747 3885 1958 3972 comprobari,

421 3997 562 4074 propter
577 4009 694 4052 numos
710 3986 885 4051 Aemiliani
902 3988 1076 4056 viminacii
1095 4009 1170 4054 oum
1227 3987 1381 4070 spectatis
1407 3988 1552 4072 epochae
1580 3989 1674 4051 annis
1702 4009 1801 4071 saepe
1828 3987 1959 4071 turpiter

422 4112 508 4160 sunu
523 4091 611 4162 Vlil
630 4092 792 4177 signatos,
815 4089 872 4176 qui
887 4088 1067 4176 respondet
1085 4108 1170 4153 anno
1225 4088 1362 4166 fallunt,
1384 4087 1420 4151 in
1438 4103 1507 4155 tota
1523 4089 1584 4154 hac
1602 4109 1699 4155 causa
1718 4089 1774 4155 vix
1790 4087 1957 4154 audiendos

421 4193 463 4262 V·
486 4193 523 4258 C·
549 4211 643 4276 1007.
1097 4207 1101 4216 ’
1225 4199 1349 4274 putem.
1653 4209 1655 4215 ⁸

486 4292 587 4388 Quod
602 4293 715 4360 iacere
733 4293 841 4358 solent
858 4291 998 4370 medici,
1020 4289 1076 4376 qui
1092 4307 1168 4356 cunt
1287 4291 1375 4376 Ajo
1365 4289 1477 4376 agitur,
1493 4291 1716 4356 Treboniam
1706 4311 1875 4376 imperium
1888 4283 1955 4354 ress

422 4395 664 4482 delaugue'ntis
679 4396 867 4463 valetudine
884 4393 1075 4479 desperant,
1097 4387 1169 4458 n'nl·
1224 4412 1342 4458 revers
1366 4393 1400 4456 in
1424 4397 1602 4464 annumV
1622 4397 1657 4459 C.
1679 4415 1759 4477 ¹⁰07
1790 4398 1827 4458 P.
1843 4395 1881 4458 X.
1897 4393 1953 4466 254

423 4499 495 4561 lum
511 4517 578 4562 nan
596 4497 780 4562 remedium
798 4511 1083 4582 quantumcunque
1100 4496 1169 4563 tio·
1223 4497 1398 4582 porrigere
1418 4495 1627 4564 suadentibus
1649 4495 1785 4562 istud'
1756 4517 1825 4582 epus
1844 4515 1886 4558 ιι
1894 4493 1955 4560 Vo-

463 4711 496 4784 s)
513 4683 727 4770 Animadnde
745 4707 815 4767 trib.
828 4667 889 4784 pot.
904 4726 937 4784 p.
956 4717 1016 4774 ιιι.
