4224 5506
757 481 1101 560 conuouvs
1237 539 1240 544 -
1296 455 1303 476 ‘
1584 471 1699 578 'am
1767 414 1769 424 Ι

159 677 198 740 lit
213 673 333 750 lectio,
357 685 430 736 cum
453 668 574 752 primas
597 667 630 729 in
649 685 762 730 aversa
777 665 905 752 epigra·
961 667 1059 731 tiums
1081 667 1259 738 PROVID.
1283 671 1381 742 AVG.
1418 665 1462 738 At
1479 695 1565 740 nnnc
1586 676 1703 741 harum

158 776 242 862 phet
255 775 377 837 literas
393 789 466 833 ease
487 773 524 834 P.
542 771 578 830 P.
597 765 784 844 edicerent,
807 781 904 851 atque
961 767 1131 831 literarum
1149 769 1343 854 significatio
1359 775 1580 858 expedienda,
1612 779 1703 862 quod

158 879 200 942 iia
221 875 446 942 adeoPotrcm
469 873 600 934 Patriae
621 880 795 932 conterent
822 866 906 928 indi·
962 867 1094 952 quidem
1107 871 1332 936 Buonarrotus
1351 874 1440 938 aliud
1458 877 1585 959 agendo
1599 891 1703 944 tento·

160 979 239 1043 cari.
288 975 365 1071 Quo
400 985 550 1056 tempore
581 969 766 1052 catalogum
799 967 905 1030 musei
961 969 1009 1030 vit
1017 970 1144 1054 potius,
1166 991 1261 1057 quam
1274 975 1416 1059 peregit.
1439 977 1590 1058 (Ossers.
1608 981 1714 1046 istor.¹

161 1076 315 1142 Caesarei
325 1073 602 1157 conscripseram,
624 1071 659 1132 iu
675 1089 774 1132 numo
794 1068 903 1143 simili,
961 1091 1035 1154 pag.
1051 1069 1141 1153 394.)

161 1200 261 1264 quem
275 1173 491 1259 tum'reperi,
521 1171 619 1236 facilc
635 1171 768 1256 quidem
791 1168 905 1234 adver·
1026 1173 1159 1235 Certum
1176 1187 1236 1249 est,
1254 1195 1308 1239 eas
1324 1175 1364 1239 ad
1378 1175 1480 1262 ipsam
1493 1181 1595 1263 partia
1612 1201 1704 1246 avor-

161 1281 208 1355 ti,
237 1280 378 1342 alterum
400 1276 599 1338 elementum
621 1291 695 1334 esse
718 1284 844 1336 certum
861 1271 905 1346 D,
964 1292 1018 1334 sae
1043 1272 1289 1357 inscriptionem
1315 1297 1382 1339 nou
1397 1279 1565 1361 pertinere
1589 1301 1704 1346 neces·

160 1399 278 1443 verum
297 1397 338 1440 eo
353 1375 543 1462 imprudens
559 1371 713 1458 peccavi,
735 1370 823 1457 quod
840 1371 907 1455 pri·
963 1373 1068 1449 sario,
1092 1393 1164 1436 cum
1182 1377 1214 1437 in
1231 1377 1302 1440 aliis
1316 1379 1511 1443 illasahssso
1526 1381 1705 1444 videamus.

161 1501 249 1543 maru
270 1479 399 1542 literam
427 1495 500 1540 esse
521 1477 553 1536 D
579 1488 728 1558 putarem
751 1471 785 1533 in
805 1491 906 1533 numo
964 1476 1097 1537 Certum
1115 1475 1228 1552 etiam,
1252 1480 1402 1562 quoniam
1411 1480 1575 1544 solitariae
1588 1481 1705 1551 inaliis

162 1601 206 1644 eo
227 1581 304 1644 loco
326 1577 525 1664 aliquantum
547 1575 675 1651 vitiato,
710 1573 756 1636 aio
779 1585 815 1634 nt
844 1575 906 1655 pro'
962 1574 1198 1657 penituerunt,
1222 1594 1418 1660 coeperas,
1446 1581 1538 1664 uullo
1562 1603 1706 1648 cumro·
1745 1633 1748 1638 -

163 1681 293 1748 credito
315 1679 387 1744 aliis
404 1681 441 1740 P.
457 1680 493 1738 P.
516 1674 693 1759 legendum
714 1675 758 1737 D.
771 1674 813 1736 D.
831 1692 907 1738 cen·
964 1675 1052 1760 liqna
1080 1675 1258 1761 epigraphe
1278 1698 1385 1753 nexu,
1425 1700 1554 1746 sensum
1579 1683 1705 1752 faeere.

163 1801 285 1846 serem.
316 1781 429 1844 Serius
445 1779 529 1842 alter
550 1776 653 1860 magis
674 1795 770 1842 sanus
792 1793 905 1836 museo
963 1775 1102 1839 Adsum
1120 1776 1317 1842 eliciendum
1336 1779 1461 1844 advoco
1476 1803 1609 1846 numum
1620 1806 1719 1852 auno.

162 1883 319 1958 accessit,
359 1881 434 1966 qni,
464 1893 500 1942 ut
530 1899 627 1960 supra
656 1877 920 1961 descripseram,'
963 1877 1112 1961 proxime
1140 1879 1312 1963 superiore
1343 1879 1561 1964 descriptum,
1595 1886 1629 1945 in
1651 1907 1709 1950 cu·

160 1981 276 2048 literas
298 1981 493 2045 indubitatas
509 1983 547 2046 P.
564 1981 606 2040 D.
629 1979 728 2056 stitit,
751 1999 792 2040 ex
813 1975 907 2058 cujus
963 1978 1015 2061 jus
1042 1998 1155 2044 aversa
1185 1981 1327 2068 legitur:
1356 1984 1492 2045 Pillllll.
1515 1987 1706 2050 DECENN.

163 2084 247 2148 adeo
284 2097 461 2168 praecepto
494 2095 529 2145 et
557 2094 731 2144 veteranus
760 2078 907 2149 illorum,
964 2079 1003 2143 Ρ.
1022 2082 1066 2140 Μ.
1085 2081 1153 2142 ΤΒ.
1171 2083 1211 2146 Ρ.
1253 2096 1317 2148 etc.
1344 2096 1441 2166 atque
1464 2083 1546 2148 hacc
1571 2083 1714 2171 ‘quoque'

162 2205 322 2270 mensque
352 2185 501 2248 novicius
522 2201 618 2246 error
639 2177 783 2244 feliciter
804 2177 908 2244 corri-
965 2179 1144 2262 epigraphe
1160 2181 1244 2244 intra
1257 2182 1401 2248 lauream
1421 2196 1471 2246 est
1488 2201 1615 2248 exarata
1636 2189 1709 2250 nnl-

164 2285 303 2371 gendus.
332 2283 430 2348 Haud
447 2285 550 2348 multo
572 2295 647 2366 post
667 2283 714 2354 is,
743 2283 839 2362 quem
862 2279 909 2342 al·
965 2281 999 2342 lo
1020 2281 1085 2344 alio
1107 2292 1205 2364 typo,
1228 2297 1264 2348 ut
1285 2283 1318 2344 in
1340 2282 1446 2344 numia
1468 2285 1705 2366 praesentibus.

162 2399 239 2449 tero
268 2387 323 2450 hic
350 2387 426 2450 loco
457 2384 629 2458 recensui,
662 2382 696 2443 iu
718 2379 908 2442 thesaurum
967 2383 1048 2474 Supt
1071 2383 1281 2466 ergoliterao
1303 2384 1341 2446 P.
1363 2385 1405 2448 D.
1428 2383 1587 2466 plenioris
1610 2387 1706 2469 hujus

165 2491 359 2550 Caesareum
374 2486 542 2569 pervenit,
568 2483 660 2568 cujus
676 2501 789 2545 aversa
803 2477 908 2564 priori
965 2483 1207 2566 epigrammatis
1223 2480 1410 2568 depascam,
1429 2497 1463 2545 et
1476 2502 1708 2550 revocantme·

166 2587 208 2650 ad
240 2607 370 2651 omnem
400 2587 525 2670 apicem
549 2599 599 2647 est
621 2583 806 2656 simillima,
845 2578 908 2641 nisi
965 2583 1262 2646 moriamvotorum
1284 2589 1707 2665 PrimommDooounolium,

165 2689 253 2774 quod
275 2689 308 2750 in
330 2687 391 2751 hac
411 2687 530 2750 literae
550 2689 588 2749 P.
607 2687 648 2750 D.
670 2684 907 2748 omissaesunt.
966 2704 1049 2768 quae
1073 2684 1137 2746 hoo
1170 2705 1254 2750 anno
1283 2685 1385 2752 fnisse
1416 2688 1521 2750 soluta
1552 2690 1708 2754 contiuuo

164 2797 208 2854 At
230 2805 304 2855 cum
337 2789 408 2872 ejus
428 2789 519 2850 numi
546 2800 671 2872 partem
694 2802 824 2872 quoque
855 2803 909 2844 an·
966 2785 1123 2850 dicemus.
1154 2787 1298 2852 Litatum
1327 2807 1365 2850 ea
1396 2789 1566 2852 occasione
1595 2813 1613 2854 a
1642 2793 1709 2856 Ro·

166 2892 266 2956 ticam
299 2889 453 2953 attentius
481 2889 737 2972 perlustrarem,
761 2885 844 2959 vidi,
874 2882 908 2944 iu
966 2887 1069 2950 mauis
1096 2891 1275 2965 Laetitiae,
1304 2889 1458 2952 nimirum
1484 2888 1633 2975 obsequii
1652 2911 1710 2975 ge·

164 2993 251 3054 hano
274 2990 405 3053 casdem
424 2987 525 3054 fuisse
547 2990 659 3052 literne
682 2987 851 3071 trajectas,
872 2997 908 3048 et
966 3009 1047 3054 nero
1078 3003 1285 3074 permotum
1314 3009 1487 3076 expresso,
1518 3006 1708 3076 praetentus

164 3095 253 3173 justo
274 3091 450 3155 intervallo
479 3091 519 3153 ab
546 3091 675 3176 reliqua
696 3087 909 3172 inscriptione
932 3101 934 3106 ·
966 3091 1057 3156 numi
1072 3077 1282 3178 eloquuntur.

165 3193 321 3277 utrinque
349 3194 476 3256 avulsas
505 3190 680 3254 solitariam
703 3189 786 3251 inira
808 3187 911 3271 ipsine

169 3293 341 3360 Commodi
364 3307 460 3376 caput
481 3293 652 3356 stationem
674 3289 834 3354 obtinere.
861 3289 911 3352 Ea
1243 3319 1263 3360 a

166 3417 223 3460 res
243 3407 382 3480 propter
402 3393 607 3456 insolentiam
630 3391 712 3454 mira
734 3407 811 3452 sane
832 3389 910 3466 visa,
1112 3384 1145 3444 V
1142 3390 1156 3442 Ι
1177 3383 1228 3442 lit·
1244 3381 1283 3440 D·
1302 3382 1391 3440 0¹14·

167 3517 242 3558 nam
278 3473 394 3558 literae
424 3493 588 3558 solitariae
618 3493 652 3556 in
681 3505 774 3575 parto
805 3489 911 3554 eutice
967 3483 1160 3546 ΡΙΕΤΑΤΙ.
1174 3480 1385 3546 SENATVS·
1407 3477 1443 3544 C·
1467 3481 1506 3546 V·
1529 3481 1567 3544 P.
1589 3480 1626 3544 P.
1649 3484 1712 3544 lma

167 3615 320 3666 monetae
337 3602 515 3664 Caesareae
528 3592 694 3678 prioribus
717 3592 820 3656 tribus
842 3610 912 3656 aue·
966 3595 1096 3662 perator
1110 3594 1238 3665 topatus
1255 3592 1344 3642 alona
1363 3603 1390 3642 a.
1405 3583 1551 3647 volumen
1566 3601 1637 3646 cum
1654 3585 1711 3642 ud·
1759 3659 1762 3664 Ι

167 3701 252 3767 culis
272 3703 383 3766 locum
409 3699 465 3762 vix
489 3695 630 3772 habeut,
660 3687 845 3777 instigavit,
876 3705 912 3758 ut
968 3667 1074 3748 alonte
1095 3693 1243 3748 senators
1268 3691 1376 3762 topoto
1398 3703 1424 3742 a.
1449 3685 1712 3766 iastomplcneoto

169 3823 286 3868 omues
308 3798 479 3865 Commodi
509 3817 626 3862 numos
650 3796 802 3860 secundis
825 3793 913 3860 curis
969 3786 1267 3864 materamjmptt.
1288 3785 1357 3846 Aa.
1373 3783 1444 3848 Au.
1463 3784 1488 3846 1.
1522 3771 1523 3776 ¹

166 3902 203 3966 iu
225 3921 363 3966 examen
385 3917 547 3964 vocarem.
578 3901 630 3964 Ex
645 3918 711 3984 quo
726 3895 913 3982 inquirendi
1032 3883 1137 3960 Vide,
1157 3883 1312 3968 quaehuc
1328 3881 1711 3967 pertinentiaadunmum

167 4003 278 4068 studio
308 4024 383 4066 eum
411 4001 485 4088 cepi
513 3999 676 4076 fructum,
713 4012 749 4060 ut
779 4010 913 4081 praeter
969 3985 1225 4068 annissqnansis
1242 3985 1454 4070 inscripturus
1475 3982 1712 4070 Restituti-

166 4125 262 4180 eum,
293 4123 391 4189 quem
418 4123 495 4164 mox
515 4101 630 4178 citavi,
660 4114 728 4164 tres
750 4099 832 4162 alios
861 4117 914 4160 re·
969 4088 1125 4160 NATVS·
1149 4085 1307 4156 dicentur·

165 4207 315 4294 perirem
336 4203 454 4266 iisdem
476 4201 583 4266 literis
615 4199 733 4264 codem
755 4199 840 4264 inira
862 4219 914 4264 ca·

165 4321 228 4396 put
246 4309 322 4372 loco
345 4318 496 4379 onustos,
520 4323 635 4368 omnes
654 4305 677 4364 Ι.
699 4301 846 4376 formae,
868 4313 915 4364 at·
1245 4333 1272 4394 ’-

166 4427 233 4493 que
251 4425 365 4471 omues
376 4405 451 4468 anni
469 4404 662 4488 praeseutia,
680 4423 915 4488 quorumunus
1117 4397 1159 4456 Vt
1177 4395 1225 4454 lit.
1241 4395 1283 4462 A·

163 4509 364 4592 inscriptus:
387 4507 473 4570 FlD.
490 4507 648 4571 Exssflc.
673 4506 776 4582 alten
809 4503 914 4570 lOVl.
969 4493 1378 4564 PROV1D.AVG.P.JL
1399 4491 1521 4560 ΤΗ.
1551 4491 1709 4559 X1.ut1².

165 4607 386 4679 Exstruit.
401 4605 915 4674 tertiassttossiuttasuvfl.
972 4601 1059 4668 VIII.
1077 4596 1173 4664 COS.
1189 4599 1230 4666 V·
1248 4599 1286 4662 Ρ.
1304 4594 1342 4660 Ρ.
1363 4597 1467 4662 Nauis
1483 4594 1638 4672 expanuis
1660 4611 1711 4656 oo·

170 4711 308 4776 Addidit
340 4723 490 4795 quartum
518 4707 676 4774 Baldinus
703 4709 744 4774 ad
772 4705 916 4777 vriliac-
973 4705 1025 4766 lit.
1046 4700 1115 4770 AB.
1131 4701 1157 4765 l.
1187 4697 1318 4781 (Vaill.)

1329 4289 1348 4328 ᾖ

1410 4331 1429 4370 fi
