4186 5492
550 427 934 560 anaxannun
977 473 1261 550 savnnvs

135 685 209 726 curn
227 681 312 726 anno
328 661 438 735 CMB,
462 667 540 734 aaa,
563 679 660 744 quem
676 657 758 724 adeo
777 660 883 747 signa·

134 780 205 826 sum
229 762 374 846 oportuit
398 761 439 823 ab
463 774 596 824 autumo
617 761 658 826 V.
673 765 708 826 C.
724 765 804 844 988,
826 782 883 825 re·

137 887 212 926 rum
242 865 308 948 qui'
332 861 437 940 istud,
478 862 505 923 si
531 865 697 940 Mamaea,
729 863 883 950 illiusque

137 967 201 1048 jam
229 965 263 1025 in
287 964 408 1026 Martio
435 963 506 1046 ejus
529 963 603 1025 anni
622 984 684 1046 per
706 965 771 1027 rim
788 985 885 1028 occu·

135 1063 266 1129 buere?
302 1065 395 1145 Ergo
415 1085 480 1148 quo
506 1077 657 1146 tempore
685 1064 757 1128 iniit
783 1088 884 1128 annus

138 1177 200 1240 aba
227 1166 477 1238 Amisenorum,
505 1163 695 1229 Alexander
721 1183 776 1230 aut
805 1167 886 1230 vixit

137 1267 262 1342 adhuc,
284 1280 338 1328 aut
353 1264 424 1346 eju's
441 1263 508 1328 illis
523 1287 612 1330 mora
628 1255 772 1330 nondum
789 1267 885 1332 intel·

136 1371 225 1434 lecta
247 1359 319 1431 suit.
636 1355 638 1362 ¹
688 1353 692 1362 ’

204 1473 329 1537 Verum
350 1468 507 1530 adsersus
536 1469 620 1532 hanc
643 1489 747 1554 usque
772 1469 804 1530 in
832 1491 886 1532 au-

138 1585 289 1634 tumnum
306 1591 429 1632 moram
446 1571 762 1654 insurgitAcgyptus
778 1585 886 1634 osten·

141 1673 218 1736 tatis
243 1669 409 1742 suiacum
436 1670 631 1748 Alexandri,
654 1685 722 1734 tum
740 1673 888 1735 Maximi·

139 1775 176 1836 ai
194 1774 311 1836 numia.
341 1774 391 1835 Ad
408 1773 630 1836 Alexandrum
652 1773 740 1857 quod
760 1775 885 1852 attinet,

140 1875 170 1936 si
195 1875 224 1938 is
251 1889 391 1938 exeunte
417 1874 521 1937 adhue
544 1877 692 1957 Augusto
719 1890 890 1958 superstes

140 1976 225 2059 fuit,
247 1991 417 2060 oporteret
430 1977 573 2054 existere
585 1975 654 2057 ejus
672 1996 788 2037 numos
799 1995 887 2038 eom·

142 2076 241 2142 matis
259 2079 467 2142 Alexandrini
488 2077 662 2160 inscriptos
680 2075 782 2142 Iule,
804 2064 895 2141 Nam¹

141 2177 324 2244 secundum
357 2181 524 2264 cognitum
557 2177 792 2260 Aegyptiorum
824 2181 889 2244 cal·

144 2283 256 2342 culum
285 2303 369 2344 anno
400 2285 440 2351 V.
464 2285 498 2344 C.
530 2279 610 2362 988,
644 2300 709 2362 quo
739 2295 888 2344 mortuns

143 2398 194 2444 est
224 2383 429 2454 Alexander,
462 2379 564 2443 valuit
586 2403 688 2442 annus
711 2379 756 2440 ΙΔ
784 2401 887 2466 usque

141 2482 183 2544 ad
203 2483 288 2546 diem
300 2483 418 2544 xxix,
428 2483 577 2564 Augusti,
591 2503 656 2565 quo
675 2481 727 2542 die
741 2481 888 2544 inivisset

144 2607 250 2648 annus
263 2583 446 2658 Alexandri
467 2577 539 2660 IG„
560 2581 620 2648 ⁴sed
637 2601 734 2666 quern
748 2581 781 2642 in
795 2582 887 2643 nullo

141 2685 251 2748 adhue
275 2685 425 2768 catalogo
451 2685 581 2768 reperi,
612 2705 697 2746 anno
719 2681 887 2766 postremo

142 2801 212 2850 tam
246 2787 281 2848 in
313 2787 420 2848 numia
455 2785 652 2860 Alexandri,
690 2806 784 2868 quam
820 2787 889 2845 Ma-

143 2907 259 2972 maeae
280 2899 467 2952 constanter
491 2887 533 2949 td
560 2900 680 2949 notato.
719 2886 763 2948 At
780 2885 888 2946 minus

140 2989 250 3052 valeat
276 2987 362 3050 istud
388 3002 636 3074 argumentum,
660 3008 733 3052 eum
753 2985 888 3050 evenire

140 3090 242 3154 facile
272 3090 397 3174 possit,
440 3101 476 3149 ut
502 3089 676 3173 aliquando
706 3108 760 3176 ex,
780 3102 888 3149 terrae

146 3192 240 3264 dau,
272 3205 325 3252 aut
356 3209 469 3252 rtruseo
491 3190 597 3253 adhuc
618 3191 732 3274 ignoto
756 3203 889 3252 eruatur

143 3313 266 3354 numus
286 3311 371 3352 anno
400 3285 444 3348 te
466 3291 614 3375 insignis.
656 3292 774 3355 Acrius
793 3311 889 3372 urge·

143 3395 228 3456 bunt
252 3391 344 3452 numi
367 3391 535 3452 Maximini
566 3393 715 3477 inseripti
735 3391 775 3458 L.
793 3391 831 3452 A.
849 3387 887 3452 B.

144 3489 185 3555 1³.
203 3493 244 3557 Δ.
265 3481 317 3557 Ex
342 3493 392 3554 bis
414 3512 550 3556 necesse
565 3507 633 3570 est,
658 3515 773 3578 nosnos
792 3493 830 3556 L.
848 3493 887 3552 A.

141 3597 290 3680 signatos
304 3595 406 3658 fuisse
424 3593 475 3656 rel
494 3607 568 3658 anta
585 3595 672 3659 dlem
690 3595 809 3658 XXIX.
827 3599 889 3656 Au·

142 3697 232 3782 gusti
248 3699 287 3764 V.
303 3698 339 3760 C.
360 3695 442 3777 988,
465 3697 519 3760 vel
537 3711 622 3780 post.
655 3698 744 3760 Istud
764 3709 896 3780 postte·-

144 3822 235 3862 mcm
265 3811 357 3862 certe
382 3797 447 3860 diei
472 3798 604 3881 nequit3
635 3821 709 3865 nam
740 3813 809 3860 tum
832 3817 889 3859 ne·

121 3921 211 3987 ¹que
240 3920 302 3984 pro
330 3920 415 3962 anno
447 3899 617 3964 Maximini
634 3895 681 3977 Γ,
705 3900 810 3962 multo
831 3893 889 3960 mi·

142 4023 207 4063 nus
227 3997 444 4085 proaunod
472 3999 582 4063 locum
609 4001 831 4085 reperiemus,
853 4012 889 4062 ut

141 4100 270 4186 patebit
295 4099 329 4162 in
354 4115 486 4164 moneta
502 4101 705 4166 Maximini·
724 4105 816 4187 Ergo
833 4123 890 4164 nc·
916 4169 921 4180 ,

141 4203 288 4268 cessarie
315 4216 399 4266 ante.
432 4205 555 4287 Atque
581 4220 648 4267 tum
668 4205 795 4266 ratione
812 4204 888 4267 Ale·

142 4303 304 4368 xandrum
331 4303 436 4368 adhue
461 4306 567 4368 vivum
583 4304 648 4366 ,dte
675 4307 760 4366 XIII.
779 4306 889 4388 Augu.

145 4409 189 4470 sti
210 4403 466 4490 praestabimus,
500 4421 535 4470 ut
554 4405 673 4470 docent
693 4405 790 4488 hujus
817 4425 889 4466 sen·

144 4508 269 4573 tentiae
287 4509 416 4592 patruni
433 4528 472 4572 ex
493 4507 732 4592 subscriptione
752 4505 833 4591 legis
849 4505 888 4568 ab

940 655 1004 720 hoe
1035 656 1236 742 imperatore
1268 661 1329 724 Irae
1362 661 1416 724 dle
1443 661 1552 728 sacta?
1591 665 1687 742 Esto,

939 759 1162 823 Alexandrum
1178 782 1243 824 nno
1258 763 1405 827 alterove
1423 779 1496 848 post
1515 767 1597 830 hane
1615 767 1691 830 sub·

941 860 1153 944 scriptionem
1171 861 1224 925 die
1246 883 1387 928 caesum.
1425 870 1475 928 An
1494 869 1687 944 verisimile,

940 964 1088 1045 potuisse
1116 963 1271 1025 nuncium
1299 963 1426 1040 caedis,
1457 983 1490 1029 et
1514 971 1621 1032 evecti
1647 967 1688 1032 ad

941 1063 1116 1145 imperium
1150 1063 1336 1154 Maximini,
1368 1066 1504 1152 ejusque
1528 1093 1546 1132 a
1572 1073 1687 1134 senatu
1733 1071 1738 1076 ’

943 1159 1127 1227 confirmati
1141 1166 1225 1228 intra
1236 1167 1307 1258 XII.
1328 1169 1462 1230 circiter
1479 1170 1607 1233 dierum
1623 1195 1693 1254 spa·

940 1263 1022 1326 tium
1052 1266 1092 1328 ab
1111 1268 1228 1330 ultimo
1253 1267 1371 1332 theno
1394 1269 1435 1331 ad
1458 1272 1568 1332 Nilum
1588 1294 1692 1356 usque

940 1366 1136 1448 pervenre,
1168 1369 1200 1430 ει
1219 1353 1295 1432 πίοι
1319 1367 1358 1431 aa
1386 1371 1617 1434 Alexandnnn
1638 1371 1695 1436 aa·

942 1465 1015 1528 beri
1033 1465 1151 1560 fidem,
1176 1483 1210 1532 et
1232 1471 1338 1532 adhuc
1364 1471 1487 1555 signari
1507 1475 1624 1536 numos
1645 1475 1694 1536 in·

944 1565 1067 1651 scripto
1080 1572 1118 1630 L.
1130 1569 1171 1635 A.
1183 1615 1192 1648 ,
1215 1585 1391 1656 antequam
1408 1588 1478 1637 orta
1494 1575 1692 1640 diesxxtx.

943 1671 1084 1752 Augusti
1112 1672 1242 1735 literam
1263 1661 1304 1732 'A
1324 1674 1358 1732 in
1391 1677 1419 1734 B
1451 1679 1694 1741 commutaret?

943 1771 994 1832 Ab
1030 1771 1082 1833 his
1109 1772 1211 1856 igitur
1242 1773 1480 1856 Aegyptiorum
1511 1780 1619 1840 numia
1648 1781 1696 1840 in·
1765 1780 1769 1788 ’

942 1871 1030 1968 ripte
1051 1871 1226 1951 docemur,
1247 1896 1312 1936 non
1330 1875 1480 1958 quidem,
1512 1879 1601 1962 quod
1619 1881 1693 1944 aliis

944 1971 1084 2056 placuit,
1116 1975 1340 2036 Alexandrum
1372 1976 1437 2058 jam
1470 2001 1582 2043 mense
1606 1985 1711 2046 Mat*¹

946 2073 1095 2136 tiodiem
1115 2075 1280 2150 obivisse,
1302 2075 1359 2137 sed
1387 2091 1495 2140 tamen
1513 2080 1600 2162 justo
1619 2097 1693 2146 ante

947 2175 1034 2238 diem
1071 2176 1156 2236 XIII.
1197 2175 1336 2259 Augusti
1374 2181 1496 2262 spatio,
1537 2181 1692 2246 nimirum

946 2291 1102 2362 quantum
1132 2275 1381 2362 requirebatur,
1421 2295 1457 2343 ut
1493 2283 1604 2366 agnito
1629 2303 1694 2366 per

945 2378 1131 2460 provincias
1158 2401 1254 2444 novo·
1270 2381 1463 2464 imperatori
1488 2384 1579 2445 nunti
1613 2386 1693 2448 seri·

946 2491 1070 2544 rentur.
1116 2481 1181 2576 Qui
1210 2493 1410 2546 memoratae
1440 2485 1690 2568 subscriptionis

945 2582 1168 2644 testimonium
1186 2584 1277 2646 volet
1300 2603 1475 2667 regerere,
1500 2585 1531 2655 ei
1549 2587 1694 2669 probare

944 2680 1125 2760 incumbet,
1147 2683 1304 2766 majorem
1316 2705 1388 2747 csse
1404 2685 1693 2768 subscriptionum,

945 2802 1024 2864 quas
1048 2783 1238 2868 saepissime
1264 2784 1384 2848 fallere
1402 2787 1692 2876 deprehendimus,

941 2883 1192 2961 anctoritatem,
1215 2907 1310 2969 quam
1335 2891 1509 2949 numerum
1537 2889 1695 2970 syncera

930 2992 1073 3046 'norum
1109 2987 1232 3080 Earum
1260 2985 1362 3047 intuta
1382 2984 1464 3048 fides
1481 2988 1692 3072 jampridem

947 3085 1076 3169 cognita
1106 3085 1259 3161 eruditis,
1293 3100 1329 3147 ut
1351 3077 1624 3168 pluribus‘locia,
1654 3112 1691 3153 ac

946 3185 1139 3268 cumprimis
1163 3185 1196 3246 in
1218 3201 1295 3250 nota
1320 3187 1390 3252 x11.
1422 3187 1455 3250 in
1478 3190 1692 3254 Maximinum

945 3287 1096 3381 probarit
1116 3288 1357 3352 Tillemontiu's.
1381 3287 1480 3386 Quod
1497 3291 1536 3352 ad
1556 3305 1690 3354 numum

946 3387 1097 3449 Amasiae
1122 3390 1254 3464 attinet,
1287 3389 1343 3472 qui
1366 3391 1546 3453 Alexandri
1570 3413 1687 3456 necem
1731 3403 1736 3414 “

946 3487 1053 3551 adhuc
1076 3488 1206 3571 longius
1231 3491 1362 3566 differt,
1385 3493 1472 3563 hunc
1500 3505 1607 3569 cette,
1631 3489 1693 3556 etsi

947 3589 1123 3674 genuinum
1156 3589 1290 3666 tlemus,
1321 3605 1418 3675 atque
1448 3593 1481 3652 in
1512 3613 1552 3656 eo
1574 3613 1691 3657 revera
1756 3623 1762 3630 ·

945 3711 1064 3754 annum
1092 3693 1180 3753 CMB
1202 3704 1348 3764 exstare,
1370 3691 1543 3774 insigniter
1562 3693 1705 3770 fallere,

945 3792 1044 3856 facila
1062 3809 1102 3853 ex
1120 3791 1183 3874 jam
1201 3791 1296 3856 dictis
1310 3789 1589 3869 demonstramus,
1613 3817 1693 3880 quo·

946 3895 1032 3966 niam
1063 3891 1091 3955 si
1113 3893 1282 3954 Maximini
1305 3917 1408 3956 annus
1426 3895 1459 3953 A
1485 3896 1595 3979 coepit
1615 3911 1693 3982 post

947 3995 1035 4058 diem
1051 3993 1168 4058 XXIX.
1187 3995 1346 4078 Augusti,
1370 4009 1404 4058 ut
1428 3997 1462 4056 in
1485 3996 1546 4059 hae
1573 3996 1693 4060 doctri·

946 4119 987 4159 na
1000 4097 1134 4160 evenire
1155 4117 1291 4158 necesse
1317 4110 1386 4170 est,
1410 4096 1501 4157 annis
1522 4098 1692 4160 Maximini

944 4190 1017 4260 I'et
1033 4193 1061 4256 Δ
1079 4198 1247 4259 locusuun
1263 4196 1482 4281 relinquetur.
1504 4185 1555 4260 Ex
1574 4220 1638 4283 quo
1653 4201 1692 4262 li·
1769 4265 1771 4279 ,

946 4319 1048 4384 quere
1062 4297 1231 4360 manifeste
1243 4297 1395 4374 arbitror,
1413 4298 1593 4362 Alexandri
1605 4321 1691 4362 mor·

947 4416 1012 4464 tem
1039 4418 1103 4461 non
1140 4419 1237 4488 posse
1259 4399 1408 4482 longius,
1445 4400 1509 4463 nisi
1532 4384 1603 4466 iere
1629 4401 1690 4464 sub

947 4502 1067 4567 mensis
1082 4501 1157 4565 Iulii
1175 4499 1374 4586 principium
1394 4495 1546 4567 differri.'
1654 4500 1658 4508 ’

1383 4703 1490 4762 Nnc

1612 497 1682 567 283
1786 520 1800 604 γ’
1860 515 1868 532 “
