4178 5486
412 426 493 534 'aaa
991 435 1391 514 vttuatnttvs.
1514 471 1522 482 ·

420 619 524 706 Caput
561 620 732 686 barbatum
770 621 915 687 velatum
952 621 1159 707 prominente
1217 643 1275 699 ea,
1298 619 1430 686 Saturni
1450 619 1586 702 harpam
1608 616 1641 679 in
1663 615 1859 680 melioribus
1879 616 1960 680 anti·

417 739 506 805 pone
527 722 628 808 harpa
650 723 803 806 imposito
826 743 969 807 superne
991 723 1103 808 globo,
1126 723 1160 785 in
1217 725 1348 810 quitatis
1377 717 1597 786 monumentis
1625 715 1797 780 formatam
1820 738 1892 780 esse
1914 717 1962 780 io·

416 819 544 906 iaspide
561 825 755 908 sanguinea,
778 823 866 892 edita
886 823 921 884 in
942 826 1041 889 Mem.
1059 824 1158 902 head.
1218 839 1285 888 star
1306 823 1445 908 harpae,
1476 831 1560 907 quae
1581 823 1706 883 Perseo
1730 819 1827 882 heroi
1847 819 1962 882 tribui·

417 923 519 988 inser.
538 927 578 988 Τ.
596 927 622 989 Ι.
641 947 673 1008 p.
690 941 762 1006 apa).
785 925 893 986 Simili
915 926 1006 988 cultu
1030 945 1162 1010 eompa-
1217 937 1291 1002 tur,
1321 924 1478 986 in=hinaa
1508 922 1660 1005 cuspides
1688 921 1857 995 exeuntis,
1887 941 1965 1005 qna·

414 1037 470 1086 ret
491 1023 526 1086 in
554 1046 655 1106 numo
677 1024 899 1090 Alexandrino
919 1025 1077 1093 Antonini
1098 1023 1160 1102 Pii,
1218 1046 1291 1088 rum
1310 1047 1373 1086 una
1391 1036 1562 1102 curratur3
1581 1023 1687 1085 rarius
1704 1023 1805 1086 habet
1821 1022 1961 1084 formam

320 1155 326 1174 ·
416 1141 515 1206 quem
525 1125 696 1208 eleganter
705 1127 1105 1211 explaoutBarthelemyns
1121 1128 1160 1208 ¹.)
1218 1123 1317 1188 cultri
1333 1123 1490 1208 simplicis
1508 1123 1680 1199 brevioris,
1699 1125 1758 1185 sed
1775 1123 1961 1206 hujusqno·

326 1231 344 1298 ’,
415 1225 536 1288 Inalto
552 1225 699 1306 ejusdem
715 1227 1086 1312 Augustthlexandrtno
1099 1243 1161 1294 stat
1218 1247 1283 1310 que
1305 1239 1438 1289 curvata
1457 1225 1602 1310 cuspide.
1625 1225 1734 1286 Minus
1755 1224 1960 1288 adveterem

417 1327 571 1410 palliatus
600 1329 727 1394 relatus
755 1348 829 1390 oum
859 1329 959 1412 globo
991 1351 1088 1414 supra
1111 1351 1162 1393 oa·
1218 1325 1358 1388 formam
1385 1337 1498 1388 exacta
1519 1339 1570 1388 est
1591 1321 1690 1387 falx*
1680 1347 1714 1386 an
1736 1345 1838 1388 numo
1859 1326 1960 1385 Hera·

417 1441 525 1510 puta.
548 1429 700 1514 harpam,
732 1429 763 1494 d.
792 1431 1013 1506 crocodilum,
1042 1449 1162 1516 nempe
1220 1428 1311 1489 eleae
1334 1447 1407 1490 aum
1430 1427 1536 1510 capite
1558 1425 1749 1510 Elagabali‚
1773 1445 1873 1510 quem
1895 1425 1961 1486 vul·
2067 1507 2068 1512 η

418 1540 455 1588 ut
484 1527 609 1612 aliquid
636 1529 773 1593 baberet
798 1527 1011 1614 Aegyptiib).
1048 1533 1164 1614 Caput,
1219 1527 1308 1612 gavit
1328 1523 1526 1606 Patiunsf),
1549 1526 1584 1586 itt
1604 1548 1670 1610 quo
1693 1525 1831 1610 lingitur
1853 1525 1959 1588 Satur·

418 1625 507 1709 quod
529 1627 646 1712 jaspidi
669 1631 865 1714 insculptum
889 1632 967 1706 dixi,
984 1631 1163 1694 Gallandus
1218 1651 1279 1692 nus
1309 1629 1412 1692 alatus
1443 1625 1613 1710 gradiens,
1643 1639 1678 1689 et
1705 1642 1846 1710 utraque
1868 1647 1960 1690 manu
2067 1661 2068 1692 t

417 1726 564 1790 adseruit
586 1748 658 1790 esse
680 1732 841 1806 Plutonis,
866 1745 898 1794 at
920 1732 1008 1815 quod
1030 1731 1164 1807 mirere,
1220 1743 1334 1792 tenena
1362 1727 1481 1790 falcem
1511 1727 1657 1812 oblongo
1679 1727 1851 1789 munninio
1873 1745 1958 1812 prae-
2067 1703 2068 1780 i

418 1825 684 1892 Montlauoonins
706 1835 753 1894 M.
775 1831 913 1892 Aurelii.
951 1833 1056 1925 Quam
1081 1833 1163 1896 mira
1220 1828 1365 1892 fixam
1335 1809 1671 1914 epusplanelormae,
1687 1849 1750 1912 qua
1763 1826 1867 1889 hodie
1882 1847 1957 1889 mes·

420 1939 455 1988 et
486 1925 664 1992 absurda'
655 1953 687 1992 tn
720 1949 761 1992 eo
789 1931 909 1994 viderit
937 1932 1162 2008 Bandelotius,
1220 1949 1313 1993 soree
1333 1931 1405 1992 ruri
1427 1949 1509 2012 opus
1530 1928 1640 1991 iacere
1663 1927 1825 1992 ridemus.
1855 1929 1958 1990 Enim·

418 2027 512 2110 piget
532 2027 672 2092 referre.
708 2033 744 2092 ln
767 2031 909 2093 denariis
932 2032 1078 2115 gentium
1099 2035 1163 2095 Ne·
1219 2049 1301 2094 vero
1330 2050 1405 2094 eum
1432 2049 1473 2093 ex
1500 2044 1679 2114 praecepto
1701 2029 1837 2112 Virgilii
1867 2049 1957 2112 opor·

419 2129 490 2190 riae
508 2143 541 2191 et
557 2131 682 2192 Nontue
700 2129 841 2194 babetur
858 2146 955 2214 caput
970 2131 1094 2194 nudum
1110 2133 1164 2194 ad
1219 2143 1287 2194 teat
1316 2129 1492 2194 vinitorem
1521 2149 1617 2194 curuo
1638 2134 1777 2193 Summi
1797 2133 1892 2192 desse
1910 2129 1957 2191 ad·

418 2225 487 2290 dtta
503 2249 591 2312 pone
608 2229 720 2314 harpa.
743 2230 875 2325 Quam'
866 2253 1061 2296 inconcinne
1075 2234 1164 2299 Vati·
1220 2229 1358 2292 tondere
1399 2211 1564 2308 ritanus),
1601 2225 1852 2312 intelligimus,
1881 2230 1957 2293 bana

418 2329 540 2392 lantino
563 2342 596 2392 et
617 2330 862 2416 Havereampus
884 2331 968 2394 illud
988 2353 1061 2396 esse
1076 2333 1163 2394 Ditis
1220 2329 1340 2393 laloem
1360 2329 1463 2392 luisse
1485 2327 1556 2409 ejus
1578 2344 1732 2408 naturae,
1753 2346 1793 2394 ut
1814 2353 1879 2394 una
1899 2353 1957 2395 ma·

420 2427 679 2509 adfirmaverim,
709 2433 742 2494 in
771 2451 885 2494 eorum
911 2434 1060 2496 examine
1083 2433 1162 2512 dixi,
1220 2451 1264 2492 nu
1286 2431 1384 2494 facile
1405 2441 1589 2513 regeretur.
1611 2433 1649 2492 ln
1670 2446 1849 2515 argenteo,
1865 2449 1957 2516 quen

418 2531 593 2606 restituto,
611 2544 647 2593 nt
663 2533 854 2616 oportebat,
873 2535 1031 2610 Saturno,
1049 2549 1084 2598 et
1101 2549 1164 2598 ata·
1220 2529 1324 2596 edidit
1339 2530 1513 2594 Menullino
1530 2531 1799 2606 interimemus,
1820 2552 1901 2616 quos
1916 2533 1956 2595 ia·

419 2627 513 2692 bilita
535 2652 648 2710 eausa,
670 2646 808 2716 propter
829 2653 925 2718 quam
947 2635 999 2697 his
1020 2636 1162 2699 denariis
1220 2623 1383 2694 miliarum
1406 2632 1513 2693 nnmis
1531 2631 1565 2692 in
1582 2628 1648 2692 line
1671 2629 1794 2710 adjecit
1809 2633 1858 2710 ¹²),
1873 2635 1956 2717 oapi·

418 2744 471 2792 est
487 2731 608 2796 illatus.
629 2733 667 2794 ln
685 2753 849 2796 marmore
870 2736 1053 2820 anaglypho
1077 2737 1163 2820 apud
1219 2732 1245 2793 ti
1276 2732 1408 2794 Saturni
1444 2730 1620 2816 oblongior
1656 2731 1807 2815 ejusdem
1837 2732 1955 2797 format

419 2830 624 2914 spontane)
642 2845 746 2898 exstat
766 2847 862 2917 eaput
883 2834 1052 2898 barbatam
1076 2836 1163 2899 vela·
1218 2831 1287 2894 falx
1316 2831 1519 2911 adstituitnr,
1551 2834 1631 2897 item
1658 2832 1692 2894 in
1715 2834 1858 2916 gemmis
1879 2833 1956 2920 apud

303 3005 313 3024 .
417 2943 488 2994 tum
510 2934 663 2998 adstituta
684 2935 803 3018 harpa,
826 2935 885 2998 sed
907 2957 1002 3020 quam
1019 2937 1162 3020 Spanius
1218 2934 1406 2997 Mariettum
1429 2933 1472 3016 i),
1510 2947 1545 2998 et
1587 2933 1651 2996 alia
1687 2934 1774 3018 apud
1813 2934 1956 2998 abbatem

416 3033 554 3096 invitam
591 3036 679 3098 inter
718 3035 805 3096 Solis
843 3035 997 3098 attributa
1033 3037 1160 3101 retulit.
1218 3035 1390 3100 Braeeinm
1406 3033 1451 3118 ¹¹).
1487 3037 1613 3104 Verum
1635 3034 1717 3098 haee
1738 3050 1952 3112 monumenta,

417 3133 531 3215 Harpa
567 3149 709 3198 armatus
739 3150 908 3216 comparet
938 3135 1097 3196 Saturnus
1126 3136 1160 3196 in
1218 3136 1281 3198 etsi
1317 3137 1449 3222 antiqua
1485 3133 1620 3212 demus,
1654 3138 1853 3200 recentioris
1886 3153 1956 3202 sunt

417 3229 523 3294 altero
553 3249 680 3317 septem
715 3236 853 3299 deorum
888 3236 1110 3319 planetarum,
1142 3259 1161 3300 a
1194 3236 1309 3328 paeri,
1332 3251 1366 3300 et
1381 3236 1469 3301 forte
1485 3237 1603 3300 borum
1619 3237 1778 3322 pleraque
1799 3239 1954 3303 artismo·

419 3332 537 3414 quihus
571 3333 795 3400 hebdomadae
828 3333 917 3398 tiss·
936 3336 1069 3398 nomina
1104 3357 1161 3402 aaa
1218 3339 1352 3422 darnae.
1393 3341 1431 3402 ln
1451 3339 1594 3402 denariis
1616 3341 1764 3422 gentium
1785 3341 1953 3405 Memmiae

418 3445 495 3494 suut
515 3436 670 3512 mutuati,
692 3457 775 3520 qnos
795 3437 982 3524 propositos
1003 3435 1105 3500 babes
1126 3441 1160 3500 in
1218 3452 1251 3502 et
1281 3439 1441 3508 Serviliae
1469 3439 1669 3523 Caepionum
1699 3441 1833 3502 Saturni
1860 3440 1953 3525 harpa

415 3531 561 3596 Pictoris
581 3531 882 3601 Heraulanensibns
899 3539 948 3620 d),
971 3550 1005 3600 et
1022 3538 1056 3598 in
1074 3537 1161 3602 The·
1218 3553 1268 3602 est
1281 3541 1386 3602 instar
1402 3539 1500 3601 ualui
1516 3539 1644 3603 incurri
1657 3541 1793 3618 serrati,
1809 3561 1867 3605 sen
1882 3541 1955 3605 den·

416 3651 456 3696 ua
478 3633 570 3718 regia
589 3637 778 3712 oalnmaria‘.
797 3663 815 3702 n
832 3639 950 3704 Iacobo
965 3640 1162 3702 Martorello
1217 3641 1284 3704 tati.
1306 3639 1448 3709 Videtur
1469 3639 1551 3704 haee
1571 3639 1678 3703 forma
1701 3643 1847 3704 omnium
1867 3657 1951 3707 seta·

417 3746 489 3798 toto
507 3736 701 3802 eruditionis
717 3741 792 3804 nisu
812 3741 984 3826 explicata.
1006 3741 1159 3824 Denique
1217 3741 1368 3804 stisaima.
1396 3743 1463 3803 lam
1485 3741 1573 3803 enim
1593 3740 1761 3803 Hesiodus
1782 3762 1853 3806 eam
1874 3743 1950 3809 dixit

416 3836 606 3919 complures
629 3840 759 3902 Saturni
781 3839 911 3925 efligies
938 3837 978 3903 ad
1000 3861 1161 3904 memora·
1215 3833 1464 3926 ιιιςχαριδοιτα,
1481 3841 1597 3905 idest:
1615 3840 1734 3906 ialaem
1749 3849 1949 3923 usperisdsa·

415 3951 486 4000 tnm
509 3959 606 4030 supra
622 3961 749 4005 morem
766 3955 895 4008 exactas
909 3941 1058 4026 reperies
1073 3939 1159 4026 apud
1215 3947 1301 4006 0·οω
1321 3939 1356 4024 ¹).
1387 3944 1479 4039 Quae
1502 3963 1598 4006 eausa
1618 3943 1739 4020 suerit3
1762 3967 1823 4010 our
1842 3947 1950 4010 Nican-

414 4037 706 4106 Winltelmannum
722 4044 766 4124 θ).
1216 4041 1277 4106 der
1297 4041 1487 4107 horrentem
1505 4044 1700 4127 pernitiosis
1719 4043 1869 4109 dentibus
1884 4047 1950 4132 bip-

478 4143 813 4212 Animadtertendnm
832 4145 897 4211 hoe
915 4143 992 4212 loeo
1013 4157 1160 4232 praeter·
1213 4145 1381 4232 popotami
1401 4135 1566 4208 maxillam
1583 4145 1706 4231 harpae
1725 4145 1946 4230 adsinitstnts

450 4409 530 4480 ·.)tt
550 4407 582 4464 L.
601 4407 635 4464 Τ
656 4407 731 4463 XLI.
751 4427 780 4484 p.
800 4417 865 4472 501.
921 4405 977 4475 b)
996 4407 1071 4468 Mus.
1090 4405 1178 4488 burg.
1198 4425 1230 4485 p
1252 4409 1313 4478 169.
1395 4411 1425 4482 e)
1445 4407 1567 4467 Miscell.
1586 4429 1617 4487 p.
1635 4419 1662 4473 3.
1744 4408 1780 4485 d)
1799 4413 1879 4471 Τοιιι.
1895 4409 1947 4483 111.

413 4497 473 4556 tab.
493 4507 539 4560 50.
631 4497 676 4566 e')
682 4493 788 4556 Stoacb
806 4495 896 4554 Pierr.
917 4517 997 4574 grav.
1014 4517 1045 4576 p.
1064 4507 1108 4562 ³³·
1191 4495 1362 4572 ,ONumss
1353 4517 1446 4576 tmpp.
1465 4517 1495 4574 p.
1515 4501 1578 4562 066.
1658 4498 1815 4579 g.)Georg
1833 4503 1941 4566 16606.

411 4583 540 4658 h.)Tub
559 4583 936 4658 lv.ti.1..ti·.)t³nr
957 4587 994 4645 ll.
1013 4608 1043 4650 n.
1061 4598 1087 4650 0.
1107 4597 1133 4654 a
1226 4587 1262 4661 t)
1280 4575 1318 4647 de
1336 4597 1394 4646 ant.
1413 4587 1587 4690 scalpturib.
1605 4609 1637 4668 p.
1659 4599 1719 4656 155.
1800 4591 1826 4665 l)
1844 4587 1943 4668 ’l'lteu

413 4691 442 4734 v.
463 4683 524 4736 175.
633 4671 828 4746 m)‘1'lttrite.
848 4693 875 4738 v.
894 4677 959 4744 566.
1035 4739 1040 4750 .
