4220 5504
417 421 489 504 102,
892 397 1156 480 CLODIVS
1206 399 1486 484 ALBINVS.

413 615 532 662 numos
546 595 649 658 fuisse
659 611 755 657 cusos
770 585 1026 657 verisimile'est.
1047 587 1162 656 offici·
1282 591 1417 678 Reliqui
1433 593 1544 656 Albini
1565 595 1705 680 Augusti
1718 597 1810 660 numi
1832 599 1973 685 inscrip-

412 726 453 764 na
480 695 709 782 Lugdunensis
731 696 797 780 jam
822 693 1078 758 memoratoria
1103 712 1163 752 nn·
1219 690 1343 770 tiones,
1367 708 1401 759 et
1419 708 1515 779 typos
1533 696 1648 762 obvios
1663 697 1843 762 continent.

413 803 475 866 mis
499 798 632 863 Antonii
658 798 785 872 Illviri,
821 797 926 860 multo
962 809 1071 859 antem
1095 793 1162 856 ire·

412 899 609 990 quentiusin
629 900 736 962 numia
753 899 921 962 inferioris
939 896 1020 960 aevi.
1042 895 1161 980 Aquila
1432 921 1587 982 Num,
1617 941 1758 1000 ΝΜ
1921 947 1928 956 .

413 1004 552 1090 pedibus
577 1002 730 1065 adstituta
752 1001 838 1064 sorte
863 999 1005 1074 indicat,
1028 997 1161 1081 Lugdu·
1829 997 1836 1006 '

412 1127 492 1168 num
508 1107 541 1167 in
561 1125 684 1166 summa
699 1103 786 1166 loris
800 1101 1032 1178 tutelafuisse,
1053 1112 1089 1160 nt
1109 1115 1161 1160 re·
1361 1103 1481 1165 Aneica
1492 1109 1630 1168 incerta.

411 1229 489 1272 vera
505 1207 643 1270 Albinus
668 1195 789 1288 primas
817 1225 891 1266 suas
913 1200 1068 1265 victorias
1087 1197 1162 1276 lovi
1217 1197 1494 1272 FORTITVDO.
1510 1206 1625 1272 .AVG.
1651 1207 1841 1275 INVICTA.
1889 1213 1967 1273 Her·

409 1323 560 1394 acceptas
603 1289 696 1367 tulit*
728 1319 815 1368 teste
858 1325 958 1367 numo
1001 1315 1158 1384 argenteo
1211 1304 1303 1364 eules
1319 1315 1409 1367 stans
1425 1317 1525 1368 tecm
1541 1311 1643 1370 leuatis
1660 1313 1789 1388 exuviis
1805 1314 1837 1370 d.
1854 1313 1967 1374 clarae

409 1411 496 1496 apud
512 1406 723 1476 Vaillantium
742 1427 816 1472 oum
835 1405 1031 1492 epigraphe:
1049 1401 1157 1472 10v1.
1217 1407 1366 1482 inuiam,
1381 1429 1406 1469 a.
1412 1429 1512 1486 poma
1521 1413 1738 1488 Hesperidum.
1746 1411 1818 1473 All.
1833 1413 1965 1492 (Vaill.)

411 1511 607 1580 VICTORI.
1258 1507 1399 1570 Numam
1418 1509 1505 1571 huuc
1523 1509 1712 1573 describere
1728 1511 1852 1592 placuit
1867 1535 1967 1598 prop·

513 1651 556 1708 Vt
574 1649 622 1710 m·
639 1647 677 1707 D·
1218 1619 1271 1669 ter
1293 1609 1496 1693 epigraphen
1517 1611 1689 1676 insuetam.
1731 1616 1819 1676 Eum
1845 1635 1964 1698 vagum

407 1767 514 1828 Mitt.
537 1765 636 1830 Vm·
661 1761 756 1827 cos·
776 1763 815 1822 H·
838 1767 927 1825 Man
944 1773 1033 1824 “am
1053 1767 1084 1824 d.
1103 1764 1159 1824 ha.
1216 1731 1280 1826 una
1295 1711 1463 1825 Vaillantii
1485 1712 1613 1776 incuria
1629 1715 1813 1792 constitnit,
1837 1717 1894 1799 qui
1912 1739 1965 1778 an·

409 1879 510 1940 uam,
557 1888 582 1930 3·
605 1867 745 1946 amam·
777 1865 847 1926 AB·
888 1861 987 1943 (Mus,
1017 1865 1107 1926 com·
1139 1885 1157 1925 a
1217 1825 1313 1873 troam
1333 1811 1521 1875 slesenbere
1539 1813 1703 1896 neglexit,
1724 1815 1853 1880 incerto
1868 1817 1964 1893 adeo,

410 1967 547 2047 vitm)
1216 1913 1300 1976 sitne
1315 1911 1426 1976 Albini
1443 1915 1609 1994 Caesaris,
1632 1919 1830 2003 anAugusui.

686 2179 706 2218 ‚
769 2137 788 2174 a
851 2179 871 2219 i
1014 2100 1018 2108 “
1332 2138 1432 2200 naus
1453 2137 1567 2198 Aratus
1587 2139 1819 2206 amoenum.

547 2290 1141 2474 ffiscyffshaiubizaffiuih
1213 2439 1314 2519 cam
1332 2338 1488 2504 mun.
1513 2339 1636 2407 surr.
1666 2343 1956 2411 tuameres

405 2535 442 2596 S.
460 2535 499 2595 P.
519 2532 560 2627 Q.
578 2535 619 2595 R.
638 2533 676 2597 P.
694 2529 731 2592 Ρ.
760 2531 831 2595 OB.
855 2531 889 2594 C.
916 2531 949 2594 S.
978 2534 1065 2592 intro
1083 2533 1155 2593 loa·
1210 2539 1244 2602 S.
1263 2543 1301 2604 P.
1317 2539 1361 2633 Q
1376 2543 1416 2602 R.
1435 2543 1473 2604 P.
1491 2543 1529 2607 Ρ.
1556 2542 1626 2607 OB.
1651 2545 1687 2608 C.
1713 2547 1747 2610 S.
1773 2550 1862 2611 intro
1887 2554 1957 2616 lao-

406 2657 504 2699 ream.
533 2637 603 2696 AR.
635 2631 747 2715 (Vaill.
773 2633 869 2696 Num.
897 2645 1017 2715 praest.
1044 2635 1082 2693 Τ.
1111 2633 1150 2694 11.
1208 2661 1305 2704 ream,
1331 2646 1397 2704 ΑΒ,
1443 2643 1542 2722 (Mus,
1560 2645 1652 2708 ρης,
1672 2645 1892 2730 Mediobarb.)

405 2735 484 2800 edit.
504 2737 599 2798 Rom.
616 2757 650 2818 p.
668 2733 739 2796 208.
755 2734 790 2796 in
804 2732 992 2812 iconismo.)
1349 2741 1393 2807 D.
1404 2743 1534 2809 CLOD.
1550 2745 1673 2810 SEPT.
1684 2749 1954 2816 emineatis.

467 2855 551 2918 Cum
569 2854 725 2930 Albinus,
753 2873 796 2916 ex
812 2873 877 2937 quo
895 2850 1035 2936 Augusti
1050 2853 1155 2914 hono·
1351 2849 1453 2925 capse
1465 2851 1595 2912 nudum.

401 2977 476 3020 rem
500 2958 684 3020 reluctante
708 2955 833 3018 Severo
859 2953 1011 3038 arripnit,
1046 2953 1151 3016 hostis
1206 2946 1305 3010 ΡΜ.
1322 2949 1391 3008 Til.
1409 2948 1446 3010 P.
1459 2947 1553 3011 COS.
1573 2951 1614 3013 ll.
1629 2953 1731 3014 Roma
1746 2955 1868 3016 sedem.
1884 2953 1950 3014 AB.

402 3057 508 3120 fuerit
523 3057 704 3152 inplicatus,
734 3075 851 3117 numus
867 3053 922 3116 hie
944 3055 979 3116 in
999 3054 1082 3118 urbe
1102 3055 1152 3118 se·
1209 3049 1308 3129 (Mos.
1323 3048 1475 3130 Fames.)
1531 3073 1545 3084 ·

404 3157 466 3220 riri
496 3178 561 3220 non
588 3157 714 3241 potuit,
750 3175 857 3238 neque
885 3156 1023 3239 amplius
1053 3179 1071 3220 a
1101 3177 1150 3220 se·
1348 3149 1390 3210 D·
1404 3149 1606 3216 CLODIVS·
1621 3153 1818 3222 ALBINVS.
1830 3155 1952 3219 CAES.

402 3273 480 3322 natu
492 3303 502 3335 ,
516 3259 604 3321 lieet
623 3257 673 3318 illi
690 3256 838 3342 impense
857 3254 968 3320 dedito
991 3258 1150 3340 praestari
1206 3253 1243 3312 P.
1260 3253 1305 3314 M.
1324 3253 1396 3315 Til.
1412 3252 1450 3314 Ρ.
1478 3254 1520 3314 ll.
1541 3252 1635 3316 COS.
1654 3256 1696 3318 11.
1719 3261 1839 3338 lipom
1864 3269 1953 3321 stam

402 3362 531 3437 honor,
559 3379 655 3445 quem
673 3357 833 3421 numisma
851 3356 1035 3442 profitetur.
1057 3359 1149 3442 Ergo
1176 3379 1179 3388 ’
1206 3358 1238 3414 d.
1260 3373 1401 3428 resumes,
1438 3375 1464 3419 a.
1483 3358 1609 3418 hastam
1629 3379 1702 3420 cum
1721 3362 1841 3439 cirpea.
1883 3361 1951 3422 stt.
2007 3373 2030 3388 ⁶
2096 3445 2097 3456 ἵ

406 3464 434 3524 si
453 3481 552 3526 verae
575 3459 659 3521 illut
684 3471 734 3522 est
747 3457 842 3534 fidei,
871 3459 1149 3524 dissimulantibus
1206 3453 1447 3537 (Medioharb.)

404 3562 572 3628 historiola
589 3559 740 3623 omnihus
759 3559 932 3623 manifeste
954 3559 1071 3640 docet,
1093 3561 1150 3624 Al·
1348 3560 1445 3621 Alios
1460 3561 1596 3636 similia,
1627 3562 1686 3622 sed
1697 3561 1768 3622 AB.
1780 3561 1828 3622 11.
1843 3571 1877 3623 et
1895 3567 1949 3622 ud·

402 3667 517 3730 binum
537 3665 571 3726 iu
585 3661 692 3725 Gallia
715 3661 778 3724 sibi
802 3659 964 3726 conflasse
989 3676 1148 3742 senatum,
1348 3663 1418 3726 dito
1437 3660 1471 3723 8.
1487 3661 1524 3725 C.
1547 3657 1785 3740 (Mediobarb.)

402 3793 420 3834 a
443 3787 509 3854 quo
527 3767 636 3828 Patris
660 3765 793 3826 Patriae
812 3763 1084 3846 appellationem,
1116 3777 1151 3830 et
1269 3760 1452 3824 insolentes
1470 3761 1532 3826 hos
1550 3781 1667 3825 numos
1686 3762 1773 3839 cliui,
1796 3763 1949 3848 quoniam

403 3863 735 3939 serratornmoivinm
746 3861 858 3940 decus,
879 3865 1151 3956 laureamnempe
1207 3861 1312 3925 antica
1323 3862 1476 3926 Albinum
1491 3863 1683 3946 simpliciter
1693 3865 1867 3928 Caesarem
1875 3886 1951 3948 pro·

405 3967 587 4033 abstulerit.
609 3963 735 4028 Eadem
759 3965 887 4028 ratione
906 3967 985 4030 olim
1001 3981 1037 4030 et
1054 3969 1154 4030 Pom·
1206 3960 1334 4040 fitetur,
1364 3977 1397 4026 et
1418 3985 1531 4028 aversa
1545 3985 1611 4052 nop
1626 3966 1725 4028 modo
1748 3965 1864 4030 titulos
1885 3967 1949 4028 Au·

400 4069 496 4155 pejus
520 4073 565 4131 M.
587 4067 621 4128 in
646 4066 804 4143 Graecia,
845 4067 956 4154 Soipio
979 4069 1013 4130 in
1036 4067 1151 4134 Africa
1208 4065 1311 4150 gustis
1330 4065 1429 4130 tribui
1446 4067 1578 4142 solitos,
1600 4065 1661 4134 aed
1681 4067 1779 4130 etism
1798 4067 1860 4130 hos
1881 4067 1951 4150 ejus

403 4191 498 4234 saum
518 4169 663 4234 habuere
681 4181 850 4246 senatum,
879 4170 941 4232 etsi
958 4171 1078 4235 Caesar
1097 4190 1152 4232 ur·
1203 4167 1354 4252 generis,
1385 4168 1498 4254 quales
1523 4167 1557 4228 in
1580 4169 1688 4232 numis
1710 4168 1822 4232 Albini
1840 4171 1951 4254 Augu·

400 4272 478 4336 ham
500 4285 631 4335 senatus
654 4269 767 4333 aedem
791 4271 825 4332 in
843 4291 901 4334 sus
915 4284 1077 4356 potestate
1095 4272 1151 4336 hs·
1208 4270 1269 4348 sti,
1310 4289 1393 4354 qnos
1421 4289 1519 4354 supra
1549 4267 1726 4354 descripsi,
1756 4290 1824 4332 nou
1855 4289 1952 4352 repe·
2052 4255 2062 4274 ’

402 4373 517 4449 beret,
562 4371 716 4454 idemque
748 4373 853 4434 serius
881 4371 1003 4436 fecisse
1032 4375 1148 4438 Postu·
1205 4371 1288 4445 rius,
1316 4385 1352 4435 nt
1378 4371 1482 4434 Patris
1508 4371 1657 4445 Patriae,
1688 4367 1858 4434 Pontificio
1881 4373 1949 4434 Ma·

401 4495 507 4548 mum,
538 4469 694 4552 inhujus
719 4473 1065 4540 monetavidehimus.
1095 4477 1147 4541 De
1206 4473 1304 4550 ximi,
1351 4485 1384 4536 ot
1414 4471 1817 4556 tribuniciaepotestatis.
1865 4475 1950 4538 Cum

398 4595 501 4636 numo
517 4571 582 4636 alio
600 4591 674 4636 eom
702 4571 802 4634 simili
824 4595 939 4638 aversa
962 4591 1079 4662 agetur
1100 4579 1148 4643 iu·
1206 4587 1353 4650 constet,
1391 4595 1508 4637 numos
1533 4575 1644 4640 Albini
1672 4573 1777 4639 adhue
1801 4576 1949 4640 Caesaris

399 4675 453 4740 ira
470 4677 505 4738 in
518 4673 626 4738 nnmis
641 4671 753 4736 Albini
767 4673 1045 4743 insolentioribus.
1204 4697 1278 4742 esse
1307 4675 1450 4758 signatos
1466 4679 1610 4755 Romae,
1639 4677 1820 4744 verisimile
1843 4677 1951 4747 uideri
