4264 5516
746 477 750 488 '
808 499 854 572 n.
908 449 1217 571 olunnrvs
1270 487 1626 570 sonorosus.

1082 794 1339 857 Peerlt’tr.

638 999 808 1061 (onomatis
833 997 987 1058 Rortrnni:

611 1137 619 1148 ·
737 1095 860 1170 Aurei,
884 1107 917 1156 et
934 1093 1083 1178 argentei
1140 1134 1628 1157 ..........
1672 1097 1707 1160 C.

721 1197 845 1261 :Aenei
855 1195 1013 1258 mnximse
1030 1195 1157 1256 t'orrnse
1203 1235 1636 1260 .........
1680 1199 1779 1260 illili.

734 1298 840 1361 Asnei
862 1299 887 1360 Ι.
911 1309 943 1358 et
966 1297 1006 1358 ll.
1029 1295 1155 1358 lormse
1199 1335 1632 1360 .........
1678 1301 1716 1362 C.

738 1399 843 1462 Aenei
865 1399 921 1461 lll.
944 1396 1070 1460 formae
1087 1439 1628 1464 ...........
1673 1400 1714 1465 Ο.

638 1505 810 1568 commatis
827 1503 1008 1582 peremissis
1635 1495 1640 1502 '

734 1603 786 1666 Ex
809 1621 885 1666 mox
907 1598 1003 1664 dietis
1025 1599 1156 1686 collige.

834 1919 878 1979 Μ.
925 1915 1205 1980 adsumo
1247 1916 1580 1980 ANTONINVS.

470 2118 676 2193 'Antonino‚
706 2129 740 2180 et
765 2113 939 2178 Faustinae
959 2125 1053 2174 notos
1074 2107 1177 2174 fuisse
1298 2109 1397 2173 Prior
1418 2133 1461 2174 ex
1482 2113 1631 2198 pluribus
1654 2111 1720 2195 jsm
1734 2111 1856 2175 museis
1874 2111 1989 2196 cogni·

412 2239 537 2283 ,πιπτει
563 2217 664 2294 duos,
694 2239 792 2303 supro
822 2235 865 2278 ex
885 2213 1072 2300 Capitolino
1097 2213 1179 2278 vidi·
1235 2225 1305 2286 tus,
1335 2214 1397 2274 etsi
1419 2207 1595 2297 ignoretur
1626 2213 1696 2296 ejus
1731 2213 1854 2298 petris,
1892 2214 1986 2296 nujus

430 2341 520 2396 mus,
558 2333 591 2382 ut
616 2337 701 2404 quse
733 2317 858 2380 inerint
886 2335 1003 2380 eorum
1035 2313 1177 2390 nomine,
1235 2315 1436 2378 mentionem
1458 2315 1586 2382 invidit.
1626 2317 1747 2400 Maiori
1777 2313 1984 2378 eruditorum

425 2420 518 2504 quod
538 2419 660 2495 istum,
683 2420 774 2503 ipse,
801 2431 835 2480 st
861 2419 1177 2502 scriptores‘omnes
1234 2414 1320 2496 parti
1339 2415 1462 2494 visum,
1484 2419 1652 2484 Galerium
1667 2417 1834 2499 tuncjam
1861 2435 1881 2478 e
1903 2416 1987 2480 risis

426 2521 542 2584 dicere
559 2519 789 2605 neglexerunt.
821 2520 907 2582 Eum
923 2518 1088 2581 delectum
1106 2537 1179 2604 sup-
1236 2513 1339 2579 fuisse
1370 2517 1553 2598 subletum,
1589 2520 1719 2608 quaudo
1747 2517 1788 2584 sd
1812 2515 1988 2602 imperium

424 2623 522 2708 plent
546 2621 639 2684 numi
664 2619 799 2698 Graeci,
825 2620 884 2707 qui
906 2619 1095 2684 alterutrius
1121 2637 1180 2683 no·
1238 2619 1494 2704 pervenitpnter
1509 2623 1709 2698 Antoninus,
1732 2608 1989 2702 nontsmff'srop·

426 2743 502 2788 men
526 2737 560 2788 et
576 2736 686 2808 eaput,
709 2711 817 2808 nequo
834 2722 984 2808 emplius,
1007 2739 1179 2784 oonssrrs-
1236 2729 1340 2796 teres,
1359 2721 1447 2805 quod
1462 2725 1667 2788 nihilosusne
1682 2720 1985 2792 fuissstflsdriann

425 2843 528 2900 vere,
558 2845 641 2911 quos
661 2823 714 2888 hie
732 2823 916 2908 descriptos
933 2835 1028 2909 potes
1043 2821 1177 2898 intueri,
1236 2840 1297 2883 our
1314 2823 1515 2888 Antoninum
1535 2825 1575 2889 sd
1598 2811 1801 2910 adoptandos
1819 2827 1865 2886 ll.
1883 2824 1990 2885 Aure·
2110 2857 2111 2862 κ

430 2945 615 3011 quanquam
646 2939 680 2989 et
710 2925 832 3008 Psgius
863 2925 982 2988 recitet
1019 2943 1175 2998 murmur,
1236 2919 1337 2998 liuns,
1365 2937 1398 2986 st
1427 2925 1466 2988 L.
1489 2930 1614 2997 Verum
1646 2927 1810 3014 adigeret,
1850 2925 1879 2986 si
1910 2923 1987 2986 huic

424 3047 493 3112 quo
525 3039 611 3089 teste
646 3023 791 3090 filiorum
818 3026 875 3090 uni
911 3025 1013 3086 inisse
1043 3027 1175 3088 nomino
1234 3021 1322 3087 filius
1345 3029 1505 3091 naturalis
1529 3042 1661 3112 praesto
1678 3025 1814 3101 fuisset3
1837 3045 1914 3088 usur
1932 3047 1988 3108 pu·

427 3131 472 3190 Μ.
514 3131 641 3190 Galerii
686 3129 816 3192 Aurelii
850 3129 1010 3192 Antonini
1041 3125 1175 3191 intelli·
1233 3147 1306 3188 rum
1331 3140 1462 3210 poteret
1488 3129 1597 3192 videri
1622 3129 1810 3193 consultum
1841 3127 1983 3212 imperio

427 3227 536 3310 gimus
552 3227 591 3308 ¹).
672 3295 675 3304 ,
1232 3228 1310 3291 nixo
1336 3228 1371 3290 in
1400 3227 1544 3292 imbellis
1578 3229 1674 3314 puori
1709 3231 1800 3304 vitu,
1835 3229 1866 3291 si
1901 3228 1982 3313 qnid

1228 3332 1315 3415 petri
1333 3327 1520 3392 humanitus
1543 3331 1737 3410 neeidisset;
1769 3325 1867 3415 quem
1891 3327 1984 3414 qnod

727 3451 868 3513 Num,-
1231 3433 1353 3494 mirum
1369 3431 1482 3515 utique
1499 3446 1599 3508 esset,
1622 3433 1792 3496 Galerium
1809 3431 1845 3492 in
1860 3430 1914 3492 his
1925 3451 1984 3491 nu·

1228 3533 1292 3596 mis
1304 3553 1374 3599 non
1391 3531 1456 3596 diei
1471 3535 1664 3611 Caesarem,
1687 3533 1716 3596 si
1735 3546 1887 3596 mortuus
1903 3531 1985 3594 fuis·

522 3623 1171 3697 M.rnltel’-toc.ANTO)NetNoe.
1231 3649 1282 3699 set
1305 3649 1399 3724 putre
1423 3633 1488 3718 jem
1506 3639 1669 3721 Augusto.
1695 3638 1804 3722 Atque
1828 3634 1931 3696 etism
1959 3632 1986 3694 si

522 3727 901 3796 ATTOKPATol’oc.
934 3727 1174 3796 ANTulNGl-
1230 3735 1335 3800 lilium
1349 3735 1516 3800 habuisset
1535 3737 1764 3822 superstitem,
1786 3756 1864 3800 eum
1881 3734 1986 3818 impe·

522 3827 762 3898 Nomtoc.
786 3838 888 3916 Caput
900 3837 1171 3916 pestilentium.
1229 3838 1317 3902 rium
1341 3837 1461 3914 adivit,
1483 3837 1678 3902 incredibile
1700 3836 1883 3913 rideretur,
1908 3836 1983 3917 ejus

421 3929 529 3996 ΘΕΑ.
559 3929 849 4000 ΦΑΤΟΤΕΙΝΑ.
878 3939 980 4016 eaput
995 3940 1173 4001 Rauennae
1230 3939 1431 4002 mentionem
1451 3941 1753 4024 praetermissurus
1780 3939 1981 4023 Capitolino,

421 4037 569 4098 velamus.
591 4035 761 4100 Att.1.11.
1230 4059 1271 4103 eo
1283 4039 1554 4126 praeeipnelnno‚
1571 4061 1637 4126 que
1654 4039 1827 4125 utriusque
1836 4039 1983 4124 adoptati

518 4130 572 4196 M.
602 4135 792 4204 ANNIOC.
818 4135 928 4201 ΓᾹΛ.
953 4136 1062 4203 ΑΝΤ.
1082 4137 1170 4204 ΤῙΡ.
1229 4139 1292 4206 filii
1311 4143 1471 4206 meminit.

426 4267 429 4274 .
520 4238 622 4314 eaput
629 4245 780 4316 juvenile
797 4245 927 4304 nudum
1152 4269 1159 4276 ·
1237 4265 1240 4272 ’
1292 4246 1429 4320 Nescio,
1452 4257 1561 4310 utrum
1580 4226 1732 4307 eruditus
1741 4242 1784 4306 de
1798 4246 1894 4306 Bone
1908 4261 1988 4326 pro·

419 4333 461 4396 Si
466 4351 507 4396 ne
530 4340 710 4419 episeopis.
746 4345 891 4408 Victoria
906 4347 941 4405 in
963 4347 1060 4407 lentis
1078 4347 1171 4427 diois,
1228 4345 1351 4430 positos
1379 4344 1590 4412 diflieultntes
1612 4343 1758 4408 feliciter
1783 4344 1863 4408 setis
1878 4365 1982 4428 expe·

423 4455 506 4515 quus
531 4441 621 4499 ducit
636 4447 831 4518 muecsdom
854 4445 970 4508 mulier
992 4467 1020 4509 s.
1040 4450 1172 4526 palmas
1229 4448 1360 4514 diverit.
1396 4451 1428 4512 ls
1454 4469 1496 4512 ex
1519 4449 1618 4511 oitsto
1640 4447 1746 4510 altero
1770 4466 1891 4522 numo,
1924 4466 1983 4508 nu·

416 4557 542 4598 ramum
558 4549 677 4604 tensus.
703 4541 773 4606 ΔΕ.
795 4545 836 4607 11.
859 4540 903 4624 ¹¹).
1225 4551 1278 4634 jus
1305 4551 1413 4636 imsgn
1435 4550 1603 4644 Galerium
1632 4569 1734 4612 snnos
1760 4560 1878 4638 ustum
1908 4545 1983 4610 iere

467 4733 501 4800 n)
516 4729 618 4790 Critic.
635 4733 742 4792 Baton.
759 4731 798 4792 sd
813 4733 851 4796 V.
868 4732 901 4795 C.
916 4748 979 4812 914.
1017 4749 1020 4760 “
1058 4741 1093 4816 b)
1116 4741 1154 4802 de
1174 4745 1250 4806 Bone
1269 4747 1300 4803 tt.
1317 4747 1348 4804 L.
1364 4747 1396 4804 Τ.
1412 4747 1477 4806 XV.
1495 4767 1524 4824 p·
1539 4744 1603 4809 46&
