4158 5496
659 491 1061 573 AVRELIANVS.

361 840 364 848 .
473 783 510 843 a.
540 737 823 846 'commas
863 739 1231 848 AVRcLIANVS.

145 979 300 1048 Obsecro
319 1001 441 1066 genere
466 982 578 1046 Sirmii
596 985 651 1048 vel
670 985 706 1047 in
728 983 843 1048 Dacia„
1054 991 1092 1051 V.
1116 989 1147 1047 ι’.
1171 986 1268 1051 teet,
1286 989 1330 1048 Ρ.
1344 989 1385 1050 Χ.
1401 993 1481 1052 271.
1638 1031 1641 1038 ,

83 1082 222 1167 Ripensi
239 1098 351 1160 natus,
375 1084 434 1146 sed
450 1097 537 1150 tanto
553 1085 715 1150 illustrior
730 1086 841 1150 virtu·⁴
1012 1092 1074 1152 ΤΒ.
1088 1091 1124 1150 Ρ.
1136 1091 1185 1152 11.
1206 1091 1300 1151 0οὣ
1310 1092 1346 1150 Ρ.
1364 1093 1407 1151 Μ.
1423 1093 1459 1150 Ρ.
1475 1092 1512 1152 Ρ.
1638 1123 1644 1132 ·

81 1199 116 1248 te
135 1183 259 1248 bellica
278 1200 311 1250 et
329 1184 500 1280 disciplina
525 1187 660 1251 militari
680 1188 769 1250 omni
788 1186 841 1266 riq
888 1191 1066 1254 Aureliano
1084 1193 1198 1270 Any.,·=
1211 1191 1342 1252 Ceionio
1359 1193 1449 1253 Vitio
1467 1195 1568 1256 Basso
1587 1197 1642 1256 rt·-

83 1307 166 1371 gore
192 1301 315 1350 exacta.
359 1292 468 1375 Atque
494 1301 601 1352 tantae
630 1290 735 1355 laudis
763 1283 842 1370 ἁμὶν
928 1343 929 1348 ,
1033 1335 1036 1346 .
1231 1311 1300 1354 cos.

87 1391 187 1452 nione
218 1389 355 1473 adeptus
383 1404 452 1466 est,
484 1401 524 1453 nt
556 1391 686 1453 morino
718 1390 844 1452 Sirmii·

85 1489 224 1554 Claudio
241 1509 398 1574 praesens
419 1493 490 1574 ipse
509 1491 689 1574 imperator
709 1490 750 1553 ab
776 1511 844 1552 exa
952 1494 1027 1556 Hoc
1045 1515 1130 1556 anno
1146 1493 1292 1557 creditur
1308 1494 1503 1558 Aurelianus
1520 1487 1634 1560 inobo-

82 1592 191 1657 ereitu
211 1593 451 1676 appellaretur,
483 1593 665 1688 Quintillo,
688 1593 745 1676 qui
766 1591 832 1655 ira·
889 1613 961 1656 asse
980 1615 1130 1670 murum,
1154 1596 1209 1678 qui
1224 1595 1389 1680 hodieque
1400 1599 1567 1681 superstes
1581 1619 1636 1660 ur·

82 1695 124 1755 tri
148 1693 286 1757 Claudio
316 1695 413 1758 etiam
436 1709 565 1758 senatus
589 1693 754 1778 suffragiis
776 1693 830 1756 ad·
889 1695 946 1760 bis¹
962 1681 1118 1760 ambitum
1146 1694 1276 1773 definit,
1308 1697 1387 1779 ipsis
1416 1698 1481 1778 jam
1503 1697 1638 1780 imperii
1684 1735 1688 1739 „

82 1795 173 1883 jutus
185 1808 398 1870 successerat,
420 1797 576 1860 resistere
586 1801 651 1859 nori
665 1816 755 1870 auso,
771 1794 830 1856 sed
890 1795 1145 1880 propugnaculis
1163 1797 1203 1858 ad
1227 1796 1318 1858 urbis
1340 1796 1498 1882 principis
1522 1797 1635 1861 defen·

77 1885 733 1988 *fortiorisAureliani‘metuvitamcum
745 1917 831 1958 mor·
891 1898 1016 1960 sionem
1034 1897 1198 1962 invalidis.
1221 1898 1444 1980 (Tillemonts)
1549 1929 1551 1934 .

82 2013 115 2060 te
133 2013 366 2080 commutante.
379 2032 382 2038 ·
394 1999 553 2062 'Incertus
570 2014 621 2062 est
635 1997 754 2062 natalis
773 1997 832 2062 im·
1071 2059 1075 2071 ,

83 2100 191 2182 perii,
213 2115 250 2164 ut
269 2099 398 2166 dicetur
413 2098 508 2163 inira.
737 2171 743 2182 ,
1050 2105 1086 2164 V.
1111 2104 1141 2162 C.
1168 2109 1257 2162 1025.
1281 2102 1316 2160 Ρ.
1340 2103 1380 2161 Χ.
1403 2109 1477 2164 272.

233 2217 240 2228 ·
691 2265 694 2273 ,
978 2207 1039 2266 TR.
1065 2207 1099 2263 Ρ.
1121 2203 1185 2262 111.
1210 2201 1297 2262 COS.
1324 2205 1357 2262 Ρ.
1382 2205 1424 2262 Μ.
1450 2207 1482 2264 Ρ.
1504 2209 1540 2265 Ρ.

246 2311 283 2369 Va.
308 2311 337 2370 C.
363 2314 452 2370 1023.
476 2309 512 2367 Ρ.
535 2308 576 2368 Χ.
598 2313 670 2368 270.
808 2377 810 2382 Ι
1031 2306 1163 2379 Quieto,
1189 2305 1401 2364 Voldumiano
1418 2324 1482 2366 cos.

80 2482 84 2490 ⁵
174 2411 236 2471 Til.
255 2411 288 2468 P.
311 2411 398 2471 COS.
420 2407 516 2470 DES.
541 2409 574 2468 Ρ.
593 2412 636 2468 Μ.
658 2411 692 2468 Ρ.
710 2409 744 2468 Ρ.
790 2453 797 2463 .

233 2509 468 2585 Antiochiano,
496 2511 591 2590 Orfito
611 2528 675 2570 cos.
951 2505 1082 2568 Bellum
1099 2505 1130 2566 in
1142 2505 1320 2567 Zenobiam
1330 2505 1477 2568 Orientis
1486 2507 1633 2589 reginam

298 2673 309 2690 ·
828 2671 834 2684 ‚
889 2619 1013 2668 movet.
1055 2609 1121 2670 Per
1138 2608 1202 2668 iter
1226 2605 1352 2670 Gothos
1371 2607 1402 2668 in
1426 2607 1566 2671 Thracia
1588 2624 1635 2673 st·

18 2723 20 2726 ’
147 2707 261 2774 Rebus
278 2701 587 2797 Romae‘prospere
610 2712 776 2798 dispositis
798 2713 832 2775 in
888 2709 985 2781 terit,
1008 2722 1042 2769 et
1057 2708 1163 2769 Asiam
1174 2709 1334 2770 minorem
1352 2707 1414 2769 sibi
1430 2708 1635 2774 iterumsub·

83 2813 285 2876 Pannonium
317 2816 472 2877 adversus
496 2815 621 2876 Gothos
651 2811 860 2897 proficisci-1
888 2808 968 2890 jieit.
1011 2807 1191 2876 Zenobiam
1221 2809 1339 2874 victam
1374 2810 1547 2890 Palmyrae
1577 2811 1634 2874 ob·

82 2931 156 2987 tur,
179 2915 283 2998 iisque
310 2915 420 2977 redire
446 2916 486 2978 ad
504 2937 558 2976 sua
581 2915 703 2978 coactis
727 2916 831 2978 altero
890 2908 985 2972 sidet.

86 3017 341 3076 Alemannorum
361 2997 647 3097 bollobxcipitur,
670 3017 751 3099 iquos
766 3017 833 3099 pri·
1225 3087 1227 3091 Ι
1356 3081 1367 3094 ι

87 3137 177 3177 mum
200 3117 233 3176 in
248 3113 433 3182 Vindelicis
454 3117 575 3190 vincit,
598 3131 630 3178 at
652 3117 758 3179 ricem
780 3137 833 3179 re·
1065 3117 1101 3174 V.
1122 3115 1154 3176 C.
1175 3122 1265 3178 1020.
1287 3117 1321 3176 Ρ.
1339 3120 1381 3178 Χ.
1397 3125 1469 3180 273.

86 3216 272 3301 penderunt
288 3217 356 3279 acri
379 3217 465 3300 apud
481 3217 686 3282 vincentiam
703 3221 831 3302 praelio
893 3216 957 3277 rr.
977 3217 1012 3275 Ρ.
1037 3215 1097 3275 17.
1127 3216 1214 3274 COS.
1238 3219 1333 3278 Das.
1355 3219 1400 3277 11.
1425 3219 1459 3276 P.
1484 3218 1526 3278 Μ.
1546 3220 1580 3279 Ρ.
1597 3221 1632 3280 Ρ.

86 3321 242 3383 victores.
286 3321 323 3380 ln
343 3331 433 3380 tanto
450 3315 540 3378 urbis
563 3315 665 3399 ipsius
682 3320 832 3401 periculo
949 3319 994 3376 M.
1011 3317 1144 3378 Claudio
1164 3321 1293 3393 Tacito,
1315 3319 1507 3382 Placidiores
1520 3338 1587 3380 cos.

86 3421 286 3482 Aurelianus
315 3417 492 3503 resumptis
523 3417 637 3486 animia
676 3419 834 3482 barbaros
1085 3481 1095 3498 ‚
1330 3419 1347 3430 “

89 3507 383 3606 denuo⁰aggressus
399 3520 502 3583 caesis
519 3517 835 3588 fereomnibust·
956 3515 1133 3578 Zenobiam
1157 3516 1257 3578 rebus
1282 3518 1461 3602 desperatis
1483 3505 1635 3601 Palmyra
1723 3521 1725 3526 '

87 3624 209 3698 briem,
234 3642 387 3706 quorsum
404 3621 469 3703 jam
487 3621 569 3682 enisi
583 3613 697 3696 fuere,
721 3643 757 3684 ac
773 3623 834 3684 lta·
892 3617 1034 3700 elapsam
1074 3637 1115 3678 ex
1146 3617 1222 3700 luga
1261 3620 1413 3692 retrahit,
1457 3621 1636 3704 urbemque

88 3725 166 3786 liam
189 3745 319 3785 omnem
336 3741 464 3786 terrore
481 3723 609 3784 liberat.
649 3721 734 3790 Vide
749 3720 831 3786 baec
887 3717 994 3802 ipsa-m
1024 3717 1193 3780 deditione
1222 3720 1349 3802 accipit.
1394 3723 1571 3804 Comperto
1602 3723 1637 3784 iu

89 3826 243 3889 adcurate
263 3827 401 3888 collecta
418 3825 503 3908 apud
520 3824 779 3886 Tillemontium.
873 3819 1053 3910 κΊῖὴτεὶοίει,
1084 3820 1297 3900 Palmyrenos
1320 3821 1439 3881 iterum
1463 3821 1635 3896 deiecisse,

152 3927 344 3991 Paucissimi
360 3940 435 3988 suut
450 3925 618 3988 Aureliani
640 3927 746 4002 numi,
778 3925 852 4008 qui·
891 3922 1048 3984 continuo
1066 3941 1219 3983 reversus
1237 3921 1352 3984 urbem
1376 3943 1490 3983 eorum
1511 3925 1637 3986 exscin-

89 4031 272 4092 tribunatus
295 4042 328 4089 et
350 4029 536 4094 consulatus
558 4028 733 4111 inscriptos
755 4026 836 4089 offe·
894 4023 960 4099 dit,
984 4025 1080 4086 motis
1109 4023 1228 4086 deiude
1251 4023 1284 4084 in
1302 4025 1486 4106 Aegyptum
1509 4028 1634 4100 cestris,

89 4145 184 4205 runt,
207 4129 317 4215 etqui
342 4129 427 4190 istud
450 4143 629 4211 praestant,
659 4128 835 4192 chronolo·
892 4128 924 4188 in
942 4149 1003 4210 qua
1019 4125 1151 4190 Firmus
1169 4121 1374 4206 tyrannidem
1396 4126 1542 4208 arripuit.
1585 4130 1637 4190 Eo

93 4235 177 4316 giam
200 4233 304 4315 magis
327 4229 527 4314 impediunt,
550 4249 645 4314 quam
672 4229 833 4311 adjurant.
892 4227 1002 4302 ricto,
1043 4239 1077 4288 et
1108 4229 1192 4287 mori
1222 4239 1336 4290 coacto
1366 4227 1635 4312 tranquillitatem
1704 4305 1705 4308 Ἴ

93 4336 202 4430 Quare
220 4333 260 4395 ab
279 4332 329 4392 bis
346 4350 413 4424 per
426 4331 557 4394 annales
576 4331 763 4415 digerendis
780 4331 835 4394 ab·
891 4328 1047 4392 restituit.
1078 4329 1114 4388 ln
1131 4328 1347 4394 Occidentem
1363 4329 1468 4390 redux
1485 4331 1636 4393 Tetricos

91 4435 239 4512 stinebo,
263 4453 441 4516 omnesque
460 4432 530 4515 ejus
550 4455 684 4509 numos,
709 4433 765 4517 qui
786 4431 834 4494 di·
891 4430 968 4496 inde
990 4429 1031 4491 ab
1056 4449 1140 4492 anno
1155 4431 1195 4496 V.
1212 4431 1248 4491 (l.
1276 4447 1356 4490 roeo
1381 4431 1561 4495 Galliarum
1589 4447 1636 4514 ty·

91 4557 190 4624 gnum
213 4535 380 4623 quidpiam
398 4532 555 4610 offerent,
577 4534 765 4618 promiscue
782 4553 835 4599 re·
890 4551 1011 4601 rennos
1027 4551 1085 4594 seu
1102 4531 1222 4608 vincit,
1246 4552 1304 4594 seu
1321 4533 1469 4595 volentes
1486 4534 1520 4596 io
1535 4533 1635 4600 iidem
1675 4555 1680 4565 ·

89 4640 210 4707 citabo.
890 4635 1029 4719 recipit,
1059 4633 1233 4716 magnifico
1263 4631 1393 4696 demum
1420 4651 1493 4700 acto
1524 4635 1637 4702 trium·

566 4731 568 4736 ’
890 4738 979 4822 pho,
1010 4757 1108 4822 quem
1139 4735 1285 4800 Zenobia
1307 4737 1498 4825 Tetricique
1523 4740 1637 4810 vinetis
