4178 5486
697 471 1101 549 VALERIANVS.
1205 531 1208 537 -
1600 488 1686 554 382.

126 661 162 726 iu
183 676 284 724 numo
303 654 479 744 singulari,
500 676 597 744 queur
615 677 713 742 supra
730 657 764 719 in
782 657 908 743 vagia.
904 657 1003 721 ¹lieri
1021 679 1064 722 ex
1077 657 1142 723 hoc
1158 655 1277 734 uenio.
1301 657 1361 722 rub
1378 659 1466 721 hunc
1483 669 1673 720 autumnum

130 760 387 851 produxi..
413 807 416 822 -,
614 816 622 826 .
930 783 981 824 tur
972 759 1133 822 adhue
1122 781 1205 844 turra
1224 757 1325 823 lulaae
1342 759 1562 828 Valerianum
1584 755 1676 819 Idem

346 877 348 884 '
931 862 1123 954 comprobat
1138 883 1255 924 numus
1270 860 1436 946 Aegarum
1453 857 1587 923 Ciliciae
1601 875 1676 920 cum

220 969 269 1030 De
289 963 433 1027 terminia
454 963 582 1041 imperii
605 966 781 1026 Valeriani.
931 984 1016 1026 anuo
1040 967 1117 1041 ZT,
1138 965 1221 1046 367,
1252 977 1286 1026 et
1307 960 1547 1026 Alexandrinus
1569 962 1609 1024 L.
1632 958 1675 1018 Η.

902 1065 1297 1141 .c.itatuaaBanduric,
1333 1066 1389 1150 qui
1418 1083 1480 1147 pro
1503 1059 1680 1144 Aegyptio·
1709 1055 1714 1064 ’

197 1165 303 1232 Cum
293 1165 357 1248 apti
373 1176 503 1228 vetaret
518 1161 553 1224 ln
568 1162 772 1227 definiendis
779 1164 876 1232 Vale·
932 1185 1006 1226 rum
1026 1167 1154 1229 calculo
1173 1165 1267 1228 feriri
1289 1187 1353 1227 uon
1371 1165 1478 1248 potuit
1497 1177 1573 1225 ante
1591 1161 1680 1224 diem

132 1270 217 1333 riani
243 1268 334 1330 annia
358 1267 498 1340 varient,
520 1283 724 1350 nequaquam
746 1269 876 1340 mirum,
932 1266 1051 1329 XXlX.
1074 1267 1275 1352 AugustiV.
1299 1267 1335 1329 C.
1362 1264 1500 1326 ιοι3·.Ρ
1522 1265 1562 1325 Χ.
1586 1253 1659 1326 aito.

132 1370 262 1436 variare
291 1367 387 1430 etiam
412 1379 544 1429 nostrae
566 1366 679 1428 aetatis
703 1367 878 1432 chronolo·
997 1369 1122 1435 Verum
1153 1368 1235 1430 haec
1267 1380 1459 1452 argumenta
1481 1379 1550 1428 tum
1572 1366 1682 1428 aulum

134 1486 227 1556 geas
248 1469 289 1531 de
320 1466 587 1552 quorumwariis
615 1469 806 1545 sententiis,
835 1489 879 1532 ne
936 1466 1111 1548 valebunt,
1144 1455 1218 1531 cum
1252 1469 1324 1554 quia
1354 1467 1509 1544 evicerit,
1545 1485 1587 1528 ex
1617 1485 1683 1550 quo

111 1569 199 1654 'jam
221 1570 391 1653 praeclare
420 1581 556 1632 tractata
584 1587 778 1652 recoquam,
804 1569 879 1634 vide
936 1569 1131 1636 Valerianus
1148 1571 1260 1652 captur
1275 1569 1355 1645 fuit,
1377 1589 1443 1631 uon
1460 1565 1599 1655 amplius
1614 1565 1684 1647 ejue

134 1671 421 1755 diligeutiaaimum
439 1668 686 1734 Tillemcntium
702 1671 739 1748 ⁸).
754 1673 879 1732 Eorum
937 1671 1071 1732 nominc
1093 1683 1257 1746 monetam
1281 1691 1341 1754 per
1368 1668 1555 1752 provinciae
1576 1660 1685 1752 primo

136 1772 249 1857 opinio
280 1773 451 1835 maximam
482 1771 583 1832 habet
616 1769 688 1833 veri
724 1771 882 1853 speciem,
932 1770 1115 1854 'praecipue
1133 1771 1280 1833 alterove
1298 1770 1492 1854 captivitatis
1508 1787 1592 1830 anuo
1607 1766 1689 1828 suia·
1766 1831 1767 1836 .

136 1871 196 1958 qui
224 1892 298 1934 eum
328 1895 346 1934 a
373 1871 484 1934 Persia
515 1884 644 1954 captum
674 1871 715 1937 V·
738 1873 774 1932 C.
802 1873 883 1934 1013
941 1891 976 1932 ee
994 1869 1170 1954 signatam,
1195 1871 1284 1955 quod
1299 1871 1440 1954 probare
1458 1869 1597 1932 difficile
1613 1868 1686 1930 erit·

136 1976 177 2038 Ρ.
208 1975 248 2034 Χ.
279 1973 339 2034 aaa
369 1986 567 2048 statuerunt,
603 1971 779 2054 praecipue
809 1993 885 2055 pro·
940 1975 1022 2036 Nam
1042 1972 1105 2034 etsi
1126 1979 1260 2054 captus,
1281 1973 1462 2055 imperatur
1482 1985 1592 2032 tamen
1615 1986 1687 2031 ease

137 2079 215 2158 pter
226 2075 319 2157 leger
328 2094 393 2136 uon
402 2095 521 2156 paucae
540 2073 657 2144 eadem
677 2070 784 2134 adhuc
799 2092 884 2136 anno
941 2093 1007 2134 uon
1025 2070 1141 2147 desiit,
1164 2087 1417 2154 recuperaturus
1440 2083 1532 2142 certe
1554 2091 1628 2133 cum
1652 2069 1691 2130 li·

138 2173 356 2244 aValeriauc
379 2173 596 2256 subscriptas,
618 2174 680 2238 etsi
701 2173 817 2234 harum
839 2187 886 2236 te·
942 2173 1071 2234 hertate
1101 2172 1294 2255 imperium,
1331 2173 1394 2233 uisi
1421 2173 1507 2234 malo
1535 2169 1604 2234 fato
1635 2185 1690 2233 aut
1750 2237 1752 2242 ,

137 2273 293 2338 alimania
315 2295 411 2358 quam
433 2275 498 2336 aiut
517 2271 664 2349 infirma,
699 2274 775 2336 actia
798 2295 886 2338 com·
942 2274 1176 2358 impotentem,
1206 2273 1416 2368 autjmpium
1441 2271 1608 2334 habuiraet
1628 2269 1692 2332 lili·

137 2390 284 2459 pertum.
299 2377 425 2444 Verum
440 2376 474 2438 iu
488 2373 601 2456 spissis
614 2375 761 2438 tenebris
777 2376 886 2459 quale·
943 2397 1010 2437 am.
1033 2377 1107 2461 lpae
1124 2374 1356 2440 Tillemcutius
1375 2369 1524 2456 profiteri
1545 2393 1611 2436 neu
1635 2374 1693 2434 du·

139 2475 887 2562 cunquelumenctiamauapectumaequimur.
945 2475 1047 2553 bitat,
1078 2495 1145 2540 uon
1175 2475 1343 2540 adrer'sari
1371 2473 1549 2551 historiae,
1578 2473 1691 2554 sijum

208 2575 424 2639 consulamus
454 2573 518 2654 jam
548 2591 774 2652 moniunenta,
806 2596 889 2660 quae
946 2577 1023 2640 inde
1054 2577 1095 2640 ab
1126 2571 1211 2640 aruc
1230 2579 1268 2638 P.
1290 2577 1331 2642 X.
1354 2574 1416 2639 aaa
1439 2589 1552 2658 captur
1574 2588 1692 2638 statua·

142 2676 283 2742 eruditis
305 2675 358 2736 hia
378 2676 457 2740 viria
479 2665 574 2739 suere
595 2677 717 2760 ignota.
748 2681 783 2738 ln
806 2699 890 2738 mar·
948 2675 1057 2755 turd).
1083 2677 1194 2771 Quare
1210 2679 1317 2762 potuit
1334 2699 1408 2740 cum
1429 2678 1463 2740 iu
1486 2666 1694 2740 subscriben-

143 2797 240 2843 more
260 2775 433 2840 Muratorii
449 2771 479 2852 b)
500 2790 704 2840 memoratur
724 2778 891 2846 Valeriani
948 2777 998 2841 dia
1013 2777 1159 2862 legibue,
1177 2793 1247 2841 tum
1263 2779 1295 2840 iu
1309 2776 1460 2841 seriuuda
1476 2791 1606 2839 moneta
1623 2771 1704 2860 cjua'

145 2878 224 2944 trib.
252 2891 397 2962 potestas
428 2877 516 2956 Vll„
545 2897 642 2961 quae,
674 2891 711 2940 ut
739 2879 891 2957 vidimus,
950 2893 1101 2964 tanquam
1125 2879 1239 2943 adhue,
1258 2879 1448 2962 imperantis
1472 2877 1694 2954 haberi·ratio

148 2979 244 3044 ssuxit
266 2999 339 3042 cum
362 2979 508 3044 anno'V·
531 2979 566 3042 C.
592 2995 670 3040 rora
693 2980 731 3042 P.
752 2981 793 3042 X.
817 2983 891 3063 259.
949 3001 1053 3066 utque
1071 2981 1213 3064 (lenique
1232 2978 1274 3044 ud
1294 3001 1412 3056 anuum
1430 2977 1507 3055 alto,
1530 2999 1596 3062 quo
1615 2991 1696 3040 teru-

147 3083 232 3146 Eam
261 3077 351 3142 numi
380 3079 538 3160 hacteuus
568 3079 692 3160 cogniti
720 3101 787 3144 non
816 3103 894 3166 pro·
948 3101 1031 3166 pore
1053 3095 1108 3144 aut
1137 3081 1208 3162 ejus
1230 3082 1341 3164 coepit
1363 3080 1549 3144 oblitterari
1572 3099 1697 3142 metuo·

151 3183 242 3250 dunt,
261 3192 490 3264 praeterquam
521 3178 696 3241 Goltziani.
728 3181 893 3264 'Belleyue
951 3183 1016 3260 ria,
1039 3197 1094 3248 aut
1111 3182 1280 3266 desperari
1295 3181 1447 3262 libertae,
1470 3193 1525 3246 aut
1540 3179 1626 3244 diem
1646 3203 1707 3244 su·-

149 3305 285 3346 numum
321 3283 488 3364 Augustae
523 3279 658 3344 Ciliciae
696 3300 770 3343 cum
808 3303 894 3345 anno
952 3303 1242 3368 premam-revere
1265 3283 1358 3350 obiit.

148 3384 258 3460 ΑΜΕ,
289 3389 367 3455 241,
398 3379 542 3462 vulgavit
557 3384 598 3461 Β)
626 3379 707 3462 Ejus
736 3401 811 3464 pare
840 3379 895 3445 atl-

151 3504 248 3548 veraa
279 3495 375 3566 caput
396 3479 565 3546 Valeriani
591 3499 660 3543 aen.
689 3481 784 3546 aiatit.
813 3483 897 3546 Coe·
1058 3467 1061 3472 Ι
1150 3487 1339 3548 Tribunicio
1355 3495 1534 3567 porcator·

122 3565 134 3578 ⁵
152 3583 202 3668 pit
218 3583 272 3650 laic
286 3587 451 3670 Augustae
467 3600 568 3644 annua
585 3580 621 3641 in
635 3593 790 3646 autumno
805 3584 845 3652 V
860 3584 895 3648 C.

158 3687 258 3766 1013,
289 3706 329 3750 ex
351 3704 416 3770 quo
438 3681 540 3756 infert
559 3681 737 3764 Bellene,
768 3696 897 3748 certum
1018 3685 1071 3748 Dc
1093 3682 1154 3750 liae
1175 3697 1293 3770 agatur
1313 3685 1347 3748 in
1371 3696 1511 3754 tractatu
1520 3637 1699 3768 ringulari.

797 4093 966 4158 rite-1²1
973 4096 1050 4156 VM.

354 4297 524 4358 commata
544 4296 703 4360 Romani:

456 4393 560 4458 Aurei
618 4437 628 4457 .
670 4435 694 4458 .·
724 4437 1323 4462 ............
1365 4397 1466 4462 Rata.

160 4631 396 4782 drlNliotaXl.
415 4629 445 4702 iu
463 4629 614 4692 Valeriau.
751 4629 786 4703 b)
806 4631 875 4708 Pag.
893 4631 958 4697 460·
979 4641 1005 4696 5.
1152 4637 1183 4704 c)
1203 4635 1287 4693 Mem.
1307 4633 1339 4692 B.
1358 4634 1390 4691 L.
1409 4636 1441 4692 T.
1463 4635 1570 4698 xxvi.
1591 4655 1620 4714 p.
1640 4640 1703 4700 eoo.

182 4729 196 4798 )
245 4735 294 4784 ota
311 4735 360 4784 ett.
1097 4777 1101 4784 ,
1430 4757 1436 4764 -
1595 4746 1603 4762 ·

1372 4821 1504 4884 Ccca
1626 4845 1633 4856 ·
