4186 5492
705 421 1120 506 attenuatus.
1614 446 1689 524 aas

117 615 176 678 'in
206 607 554 699 importunarum,
585 608 723 696 eripuit,
749 610 889 699 ejusque
1009 612 1063 678 De'
1080 611 1396 697 ntaffatauaantna
1409 626 1515 682 totum
1531 613 1567 696 ia
1581 614 1689 682 nomia
1803 588 1805 597 ,

97 737 111 750 ·
139 733 266 780 nomen
294 737 336 779 ex
366 713 459 776 lautia
490 711 604 788 erasit,
635 712 680 774 ita
710 717 890 778 numeratio
943 713 1023 777 unni
1044 714 1084 784 V.
1104 714 1234 800 0.·974.

139 817 290 904 quinque
313 813 486 884 Antoninis
509 813 770 878 Diaelnmeniano
790 817 891 878 Anto·

141 919 216 980 nini
235 937 355 981 nomen
376 916 466 980 velut
491 913 691 992 indebitam,
714 929 747 978 et
770 916 890 995 injuria
1010 919 1108 982 Pater
1117 920 1264 996 patriae,
1287 919 1531 1004 camah-liii.
1551 931 1619 999 pot.

141 1019 290 1082 delatum
319 1017 453 1081 atlemit.
483 1018 536 1078 Ex
557 1037 622 1100 quo
641 1031 790 1102 apparet,
813 1019 891 1081 Ela-
1618 1023 1656 1100 ,

142 1121 300 1206 gabalum
336 1119 479 1203 quinque
523 1130 648 1182 tantum
688 1119 889 1198 Antoninon,
1008 1115 1088 1182 Dixi
1104 1119 1139 1182 in
1155 1121 1329 1208 annalibus
1353 1123 1394 1190 V.
1407 1121 1445 1186 C.
1458 1139 1522 1205 1971
1554 1119 1720 1204 exilio'

115 1221 264 1308 ¹qtrilnra
288 1239 330 1285 ea
352 1218 531 1308 appellatio
559 1238 639 1283 vere
669 1233 888 1304 competeret,
945 1241 1008 1298 ne,
1043 1222 1259 1306 Elagabalum
1288 1221 1394 1296 atatim
1424 1223 1691 1308 omneaprinei·

143 1322 281 1407 agnoaei
299 1323 459 1397 voluisse,
482 1320 595 1396 Pium,
617 1325 776 1397 aramum,
795 1323 891 1384 Corn·
945 1343 1025 1406 pum
1041 1323 1170 1399 titulos,
1190 1337 1226 1384 et
1242 1323 1322 1384 citra
1344 1311 1472 1406 patriam
1492 1324 1624 1389 decreta
1640 1346 1691 1386 ar·

117 1483 122 1492 .
143 1423 301 1501 modum,
322 1442 421 1488 veroa
442 1421 638 1499 Antoninon,
657 1423 775 1508 quibua
800 1421 890 1484 ‹lein-
946 1424 1103 1508 ripuiaae‚
1125 1437 1234 1486 tamen
1256 1424 1341 1486 inter
1365 1423 1426 1487 hoa
1444 1428 1691 1510 protopanton

145 1524 392 1591 deneeeeaaria
410 1521 533 1586 addidit
551 1523 766 1600 caracallam,
794 1541 889 1584 anum
922 1525 1092 1608 „elogium
1117 1545 1183 1586 non
1206 1538 1366 1586 memorat
1390 1526 1466 1588 Dio.
1511 1526 1581 1588 Sed
1607 1523 1692 1608 illarl

144 1629 536 1711 montemtremitum
564 1624 693 1686 nonnisi
718 1645 779 1708 per
802 1623 889 1686 hane
945 1625 1012 1709 jam
1037 1625 1194 1690 exhibent
1216 1628 1307 1690 nunti
1339 1626 1409 1709 ejus
1437 1626 1529 1701 anni,
1560 1641 1593 1708 et
1614 1647 1692 1690 eon·

143 1729 197 1811 jae
217 1728 272 1790 illi
295 1729 330 1789 in
362 1725 517 1790 Antonini
540 1724 792 1812 appellationem
817 1747 892 1808 par·
947 1727 1062 1790 cordat
1083 1728 1249 1795 laudatum
1277 1727 1449 1812 aliquoties
1469 1725 1693 1809 fragmentum

144 1845 226 1894 tum.
269 1824 814 1914 ErgopraeterDiadumenianum
835 1847 891 1890 ex·
946 1828 1086 1892 fratrum
1116 1829 1305 1908 Arvalium,
1341 1829 1430 1915 quod
1462 1840 1513 1892 eat
1539 1827 1693 1912 ejusdem

147 1931 247 1996 elnait
272 1929 370 1992 etiam
397 1931 529 2004 Getam,
560 1946 668 2012 neque
692 1927 726 1988 id
750 1927 889 2007 mirum3
947 1931 1032 1993 anni.
1205 1921 1208 1930 ⁴

144 2053 221 2096 nam
245 2045 474 2116 praeterquam
498 2027 587 2112 quotl
612 2027 753 2090 dubitari
769 2043 889 2112 potest,
1011 2030 1478 2115 DeElagabaliconaolatibm,
1502 2043 1535 2093 et
1550 2035 1693 2106 tribuna·

144 2131 291 2195 fueritne
316 2131 370 2194 hie
397 2149 539 2215 unquam
563 2128 746 2195 Antoninus
759 2128 889 2206 dietus,
948 2137 1050 2210 tibur,
1090 2133 1196 2216 iisque
1228 2151 1339 2194 seeum
1375 2130 1564 2215 compositis
1595 2133 1691 2212 vide,

145 2255 163 2296 a
188 2231 359 2298 Caracalla
380 2231 484 2293 hostia
516 2243 566 2293 ett
595 2229 776 2313 judicatae,
806 2231 893 2312 ejaa·
949 2256 1031 2322 quae
1054 2225 1184 2318 prolixe
1207 2231 1406 2295 disseremus
1428 2231 1463 2294 in
1489 2244 1628 2296 tractatu
1649 2231 1691 2295 de

144 2355 212 2421 qne
234 2351 356 2395 nomen
379 2351 421 2394 ex
441 2329 659 2393 monumentis
678 2345 891 2414 expunctum.
948 2335 1023 2399 trib.
1042 2347 1215 2419 potestate.

143 2434 296 2502 Exclusit
319 2433 418 2496 etiam
443 2433 483 2495 L.
499 2435 639 2507 Verum,
663 2432 722 2495 secl
744 2445 778 2494 et
802 2433 890 2496 hune

144 2539 210 2602 aeli
223 2534 391 2598 inferioris
408 2533 479 2596 aevi
495 2533 673 2614 scriptores
691 2533 890 2596 Antoninum
991 2539 1169 2600 Discrimon
1183 2542 1265 2602 inter
1278 2559 1389 2600 numne
1401 2538 1596 2611 Garumnae,
1619 2547 1652 2599 et

137 2638 289 2712 iaciunt,
312 2647 402 2698 eerta
430 2645 640 2696 monumenta
660 2632 832 2716 ignorant,
855 2647 893 2695 ut
1234 2642 1419 2720 Elaqabali.

142 2741 178 2803 in
198 2740 268 2824 ejus
284 2735 557 2800 monetadictum.
579 2734 670 2796 Haeo
681 2745 892 2816 posteaquam

144 2849 384 2904 commenieitls
404 2835 549 2910 fueram,
577 2835 665 2898 forle
691 2834 725 2894 in
748 2833 892 2896 animati·
1010 2841 1057 2908 *Vt
1071 2841 1222 2926 plerique
1244 2841 1414 2926 utriusque
1434 2843 1693 2926 Augustinumi,

142 2941 331 3006 versionem
349 2936 494 2998 Bimardi
511 2936 651 2998 eundem
682 2955 816 3018 numum
837 2933 893 2995 tle·
951 2941 1531 3025 eiouratinsexpendantur‚eertum
1549 2941 1693 3026 aliquod,

144 3041 320 3110 scribentis
337 3037 438 3129 ineidi
453 3037 499 3117 ¹¹),
515 3055 614 3121 qoem
637 3033 783 3099 laelabssr
803 3032 891 3094 idem
949 3043 991 3104 ed
1007 3056 1115 3106 utrum
1134 3043 1334 3126 pertineant,
1356 3041 1527 3107 criterium
1537 3041 1692 3118 offerunt,

143 3163 275 3208 meeum
296 3143 330 3205 in
352 3143 422 3226 ejus
450 3137 648 3225 epigraphes
669 3134 891 3219 explicatione
948 3143 993 3206 ita
1016 3143 1233 3207 indubitatum
1258 3128 1379 3219 etiam,
1410 3163 1483 3206 esse
1505 3144 1694 3220 nonnullos,

143 3244 286 3322 sentire,
308 3263 491 3329 quanquam
516 3238 696 3308 verisimile
722 3237 828 3300 eidem
846 3235 893 3297 Vl·
950 3243 992 3306 ad
1008 3263 1089 3328 quoa
1107 3243 1132 3305 ii
1151 3264 1287 3330 ‚quoque
1311 3235 1527 3320 adhaereant,
1551 3243 1607 3328 qni
1622 3244 1694 3305 lon·

145 3347 283 3426 deutur,
312 3345 444 3407 literam
472 3341 669 3404 insolentem
694 3340 726 3407 V
750 3350 894 3400 monela·
951 3344 1024 3427 gina
1050 3359 1179 3429 tempus
1205 3346 1239 3407 in
1260 3345 1312 3408 hia
1335 3347 1449 3410 studiis
1475 3345 1694 3410 collocavere.

143 3451 190 3512 rii
212 3448 294 3513 vitio
317 3445 501 3529 irrepsisse.
547 3443 601 3506 Sic
628 3455 735 3504 autem
759 3459 893 3500 numum
951 3447 1004 3507 Ex
1030 3447 1119 3509 omni
1150 3467 1289 3510 nurnero
1313 3448 1339 3510 ii
1364 3449 1472 3512 solum
1491 3445 1694 3529 impediunt,

145 3549 324 3614 deseribit:
346 3545 661 3613 nntontnvav.
679 3539 891 3607 Ptvsfflrzta
953 3546 1009 3630 qui
1026 3546 1142 3609 faciem
1167 3561 1373 3630 proponunt,
1397 3568 1480 3632 quae
1503 3547 1695 3610 atloleaoen·

144 3653 247 3720 AVG.
276 3655 377 3730 Caput
399 3651 588 3711 laureatum.
619 3639 800 3710 NOTA.
821 3641 894 3710 PV·
952 3648 976 3708 ti
996 3646 1109 3709 iudea
1125 3647 1213 3711 xtv.
1232 3649 1345 3710 aetatis
1355 3669 1439 3720 anno
1450 3647 1693 3734 utqueXVlll.,

141 3753 286 3818 Buten.
316 3755 492 3830 Imperator
517 3751 562 3808 ad
582 3745 889 3824 aramaaerificona.
950 3749 1007 3833 qui
1025 3748 1101 3810 euni
1117 3745 1695 3831 fuereotagabatitmperanusaar·

143 3855 344 3920 Mazaoleno
368 3847 661 3929 literaVexpleri
686 3849 893 3933 possevide·
950 3849 1059 3924 dines,
1081 3861 1191 3932 potest
1212 3841 1414 3932 competere.
1450 3849 1486 3912 Si
1506 3869 1575 3932 qua
1593 3846 1696 3909 linea·
1813 3887 1822 3910 .

144 3973 201 4024 tur
218 3953 362 4040 legendo
381 3955 521 4016 Vranioa
541 3945 592 4027 ¹³),
618 3949 678 4011 aod
698 3971 833 4026 vereor,
856 3964 892 4014 nt
950 3964 1059 4014 menta
1088 3949 1164 4014 huie
1195 3949 1292 4012 aetati
1316 3965 1376 4014 aut
1410 3950 1600 4022 detrahunt,
1630 3961 1695 4012 aut

144 4061 232 4144 ltuuo
246 4055 472 4140 conjecturam
493 4050 629 4118 eruditis
644 4049 844 4136 probaverit.
949 4051 1090 4124 addunt,
1112 4071 1230 4113 numus
1252 4049 1339 4122 haud
1363 4049 1462 4116 dubie
1478 4063 1530 4112 eat
1546 4047 1696 4117 Caracal·

131 4223 134 4228 .
206 4163 264 4225 Pii
282 4157 463 4219 etrFelr'cr'a
486 4153 617 4214 nomina
635 4152 790 4216 continuo
818 4165 893 4236 port
948 4153 1012 4216 lae.
1055 4153 1136 4214 Cum
1160 4171 1242 4240 ergo
1263 4149 1612 4215 -inatatuendoiathae
1631 4147 1696 4211 ‹lia-

129 4274 332 4358 -anaeeptum
350 4254 526 4342 imperinm
542 4253 606 4314 eibi
625 4251 777 4328 adunivit,
800 4267 892 4316 utte-
950 4237 1087 4319 crimine
1099 4273 1329 4336 nonnunquam
1348 4252 1445 4314 dubia
1465 4251 1694 4326 obversentur,

142 4358 397 4432 arantur-numi,
421 4354 602 4440 etquidem
618 4374 686 4416 non
702 4366 890 4438 exspectato
948 4353 1131 4439 praetentis
1148 4365 1198 4416 ost
1215 4367 1371 4430 tnatttutt,
1394 4375 1428 4414 tn
1445 4365 1589 4416 tironum
1605 4373 1695 4416 enm·

141 4459 274 4530 renatus
293 4459 444 4524 consulto
460 4459 501 4539 ⁰).
948 4455 1064 4543 primia
1094 4454 1231 4539 gratiam
1254 4452 1557 4537 legeadiaeritioaa
1578 4449 1695 4530 ferro,

137 4615 1681 4650 W*

181 4713 213 4784 a)
234 4705 274 4766 ad
292 4703 400 4765 Iobart.
416 4701 450 4762 Τ.
465 4701 486 4761 Ι.
498 4721 528 4784 p·
545 4705 607 4768 284.
663 4698 699 4772 b)
717 4673 874 4760 Auimitlv.
889 4696 920 4758 in
935 4713 1009 4755 mua.
1025 4694 1120 4753 Pitan.
1132 4695 1165 4752 t).
1175 4693 1211 4751 ll.
1225 4713 1256 4770 p·
1270 4703 1334 4757 280.
1372 4695 1403 4766 e)
1423 4689 1479 4750 nio
1489 4693 1621 4754 LXXIX.
1631 4693 1654 4766 §.
1665 4703 1692 4766 2.
