4186 5492
549 493 1259 606 annxsuosasuvuavs,

124 681 308 748 Alexandri
323 693 417 744 natus
434 691 523 742 esset
540 679 580 760 ¹).
601 680 810 746 Probabilius
828 683 875 748 vi·

116 767 244 862 detur,
267 782 355 868 quod
377 796 487 845 narrat
512 781 721 845 Herodianus
736 779 788 864 ¹²),
808 784 875 870 prl-

125 906 279 954 maerum
296 883 346 945 illi
358 900 478 945 nomen
494 881 597 944 fuisse
612 886 784 960 Alesiam,
808 906 873 970 quo

124 989 262 1051 nornine
282 983 345 1048 suit
372 1005 471 1058 avus,
495 979 618 1047 dictum
643 985 782 1048 subinde
799 983 874 1049 Alas-

126 1095 306 1165 xondram,
329 1101 364 1148 ut
381 1085 503 1150 certius
518 1085 695 1148 haberetur
709 1085 796 1149 lilius
815 1089 874 1165 Ca-

124 1193 290 1266 aaronitae,
313 1189 368 1275 qui
397 1187 576 1251 Alexandri
601 1189 644 1252 M.
670 1187 734 1250 sibi
751 1203 872 1252 nomen

125 1293 261 1376 adjecit.
316 1335 320 1344 ·

126 1495 303 1580 adoptante
320 1493 520 1576 Elagabalo‚
543 1506 578 1554 ut
593 1485 694 1576 patet.

196 1593 344 1658 Severus.
368 1595 460 1656 Binis
478 1593 561 1657 locis
584 1592 706 1657 adserit
724 1594 873 1678 Lampri-

126 1697 204 1760 dius
220 1696 272 1775 e)‚
296 1695 412 1758 Severi
434 1713 554 1757 nomen
572 1695 762 1758 Alexandro
781 1719 799 1758 a
815 1695 874 1756 mi·

126 1797 244 1860 litibus
259 1796 368 1858 datum
393 1795 435 1858 ob
452 1797 618 1880 ingentem
642 1798 790 1880 rigorem
808 1794 874 1858 ani·

129 1900 176 1960 nri
197 1911 309 1962 contra
325 1897 465 1958 militum
484 1897 701 1960 insolentiam.
723 1897 813 1960 Istud
830 1898 879 1960 in·

128 1998 271 2082 agnitor
296 1997 426 2062 falsum.
469 1999 534 2060 lam
561 1999 649 2064 enlm
673 1999 772 2083 primi
799 2001 878 2063 Ate·

130 2101 247 2164 xandri
264 2098 404 2182 Augusti
422 2101 512 2161 numi
530 2101 647 2186 Seueri
662 2121 780 2163 nomen
800 2121 877 2164 con·

128 2215 256 2265 stanter
290 2199 434 2277 addunt,
471 2223 537 2286 quo
568 2198 718 2286 tempore
746 2203 874 2266 nullutn

129 2303 237 2366 adbuc
256 2302 439 2367 severitatis
458 2301 689 2366 documentum
707 2317 874 2388 praestare

127 2405 246 2488 potuit.
282 2407 334 2466 Ex
361 2425 426 2490 quo
451 2405 627 2482 docemur,
650 2405 873 2468 Alexandrum

127 2528 192 2568 ana
219 2527 292 2569 cum
319 2505 457 2589 Augusti
487 2506 584 2568 titulo
612 2507 728 2569 Severi
752 2525 872 2568 nomen

129 2603 314 2689 adoptasse.
338 2609 418 2690 Ejus
438 2628 533 2670 causa
554 2608 769 2694 inpromptu.
791 2609 896 2696 Nam.

128 2727 226 2783 cum,
259 2719 294 2771 ut
320 2708 414 2772 initio
449 2710 591 2784 dictum·
621 2709 806 2771 Caracallae
839 2705 875 2769 ii·

126 2809 192 2871 lius
216 2807 337 2875 baberi
358 2811 521 2888 uoluerit,
543 2833 585 2872 ro
600 2809 673 2894 jure
688 2808 803 2872 Severi
818 2823 875 2870 ne·

129 2933 193 2995 pos
216 2913 404 2974 necessario
430 2911 516 2976 luit.¹
543 2914 648 2996 Igitur
663 2912 708 2975 'ab
732 2931 793 2974 aro
811 2932 873 2995 pro

128 3012 202 3096 ejus
224 3013 339 3076 aetatis
361 3015 515 3098 exemplo
534 3033 661 3076 nornen
686 3011 748 3074 sibi
769 3013 876 3097 impo-

127 3114 203 3178 suit.
251 3115 297 3176 Et
329 3133 425 3190 sane,
462 3129 501 3178 ut
523 3115 775 3191 alias‘dictum,
807 3135 872 3176 uon

127 3229 205 3278 raro
236 3215 270 3276 in
297 3215 514 3279 marmoribus
541 3222 655 3299 Mapni
684 3215 872 3279 Caracallus

125 3321 232 3400 filius,
256 3336 289 3384 ct
307 3325 421 3386 Seueri
440 3343 536 3403 nepos
556 3317 751 3404 appellatur.
784 3313 873 3412 Quid

129 3421 363 3508 quodpropius
382 3423 466 3486 illud
483 3447 498 3486 a
516 3437 609 3506 patre
628 3419 795 3482 Caracalla
810 3433 874 3478 tra·

126 3523 211 3585 bere
239 3525 364 3608 ροῑιιίῑ,Ι
396 3525 449 3591 cui
476 3521 592 3588 Severi
616 3541 746 3609 quoque
771 3520 872 3583 fuisse

127 3643 271 3701 nomen,
294 3647 353 3688 suo
371 3628 447 3690 loco
469 3626 619 3688 diximus.

194 3729 291 3804 Pars,
312 3731 417 3790 Feliar.
435 3729 624 3810 'Vtrumque
640 3719 730 3788 hune
745 3721 873 3785 titulum

128 3829 208 3892 satis
229 3842 356 3892 mature
381 3829 568 3892 Alexandro
598 3825 746 3890 tribuunt
772 3819 884 3899 numi(

130 3935 192 4000 sed
216 3932 392 4022 perpauci,
434 3931 523 4016 iique
547 3927 723 4006 rarissimi,
760 3944 873 3989 omncs

128 4038 262 4102 maximi
280 4033 417 4100 moduli.
440 4035 491 4094 En
509 4031 604 4094 illos:

270 4141 360 4202 lMP.
372 4135 492 4198 CAES.
501 4137 544 4194 M.
555 4133 653 4202 tva.
668 4131 761 4198 SEV·
770 4129 873 4192 ALE-

271 4239 465 4302 XANDER.
484 4236 592 4303 PlVS.
610 4233 755 4302 Fttmx.
774 4231 871 4300 AVG.

269 4345 370 4421 Curat
390 4343 579 4402 lartrcutum.

164 4671 197 4742 θ’)
218 4669 294 4744 Cep·
313 4677 339 4730 5·
413 4657 445 4738 b)
465 4665 497 4721 L.
515 4662 553 4724 V.
574 4682 599 4722 c.
619 4675 645 4728 7.
720 4661 834 4740 c)Cap
865 4673 908 4723 aa.

125 4773 245 4840 paco.
267 4769 313 4822 rs.
385 4755 427 4824 -tt
448 4755 557 4814 Gruter
577 4774 605 4830 p.
628 4763 705 4818 tots·
727 4764 749 4818 8.
806 4769 811 4782 ’

226 4853 318 4933 (Vol.
346 4849 433 4930 711.)

930 675 1237 743 LIBERALITAS.
1262 677 1467 748 AVGVSTI.
1498 685 1675 764 Imperator

930 783 989 842 dat
1006 786 1125 861 populo
1143 781 1354 864 'conplurima
1387 784 1454 845 AE.
1475 805 1559 851 max.
1577 787 1675 872 mod.

932 879 1098 960 (Harduin
1117 882 1203 966 opp.
1222 885 1281 946 sel.
1299 905 1330 966 p.
1348 883 1437 966 liro.)
1517 895 1525 903 ’·
1664 895 1666 899 ’

1093 989 1217 1048 Eadem
1237 991 1387 1052 aduerso.

929 1079 967 1147 P.
978 1087 1026 1146 M.
1046 1089 1116 1150 ΤΒ.
1127 1089 1163 1148 Ρ.
1179 1087 1253 1156 vlt.
1264 1086 1359 1151 C'OS.
1378 1091 1417 1150 lI.
1434 1089 1471 1152 P.
1482 1091 1522 1153 P.
1538 1081 1677 1172 Impera-

930 1197 981 1250 tor
997 1198 1073 1252 ante
1086 1191 1233 1268 templum
1246 1193 1432 1271 sacrificans
1450 1195 1674 1270 ennepius-ibus

925 1293 1049 1372 liparis.
1061 1291 1133 1362 ΑΕ.
1152 1311 1235 1352 max.
1253 1292 1341 1354 mod.
1353 1295 1465 1389 (Mus.
1483 1293 1634 1378 Albani.)

192 1397 239 1456 M.
256 1393 419 1455 Aurelius.
441 1391 534 1454 Haec
552 1389 684 1452 nomina
708 1391 808 1453 traxit
823 1389 872 1452 'ab
955 1399 958 1406 ⁴

1092 1394 1215 1453 Eadem
1236 1383 1383 1456 adversa.

932 1491 969 1554 P.
993 1495 1038 1554 M.
1058 1497 1127 1554 ΤΡ..
1148 1493 1402 1560 P.v111.cos.
1424 1487 1479 1559 lll.
1500 1496 1536 1557 P.
1560 1496 1598 1558 P.
1623 1499 1678 1582 '1³1‘-

929 1597 1036 1656 ctorr‘a'
1060 1598 1095 1656 ira
1127 1597 1295 1678 quadripes
1319 1599 1574 1676 triomphalibue.
1606 1601 1675 1662 AE.

931 1715 1017 1756 max.
1043 1694 1130 1756 mod.
1154 1697 1255 1774 (Num
1273 1714 1357 1760 max.
1387 1695 1476 1761 mod.
1497 1699 1568 1781 re'g.
1591 1698 1675 1787 Gatt.

929 1794 995 1860 tab.
1019 1791 1086 1876 aa.)
1472 1809 1476 1814 '

955 1899 958 1908 ’
995 1897 1046 1957 Ex
1072 1896 1123 1958 bis
1146 1919 1264 1962 numus
1290 1898 1383 1981 prior
1400 1899 1487 1962 baud
1516 1900 1677 1964 dubie'ad

933 2015 1051 2058 annum
1068 1999 1094 2059 l.
1108 1985 1300 2083 imperantis
1324 2001 1504 2063 Alexandri
1521 2005 1676 2086 pertinet,

931 2097 1006 2181 quia
1026 2099 1231 2162 Liberalitati
1252 2121 1407 2163 nanterus
1433 2107 1499 2163 r'ton
1527 2099 1676 2186 additur3
1792 2171 1795 2180 ,

932 2199 1016 2262 alter
1039 2214 1088 2260 est
1110 2201 1184 2260 antri
1209 2201 1250 2268 V.
1279 2201 1314 2264 C.
1340 2205 1417 2283 adr,
1452 2203 1568 2267 tertius
1602 2207 1675 2290 oda.

930 2301 1113 2386 Vtrumque
1130 2301 1226 2363 etiam
1244 2306 1297 2366 Po·
1309 2307 1427 2368 Felicis
1450 2305 1581 2368 titulum
1600 2305 1677 2368 con·

929 2403 1075 2485 junctum
1107 2402 1248 2484 legimus
1285 2404 1318 2464 in
1346 2391 1574 2468 'marmoribus
1609 2403 1675 2494 jam

931 2505 963 2566 in
989 2507 1058 2566 ra.
1080 2504 1182 2567 ror.
1211 2503 1283 2569 vn.
1308 2503 1339 2586 d)
1371 2521 1403 2570 a
1426 2509 1458 2568 in
1483 2509 1551 2570 ro.
1573 2506 1676 2572 rou
1807 2546 1811 2554 .

931 2609 988 2669 Ill.
1004 2605 1032 2686 ο)
1056 2607 1133 2688 quin
1160 2620 1193 2668 et
1211 2607 1244 2666 in
1268 2605 1341 2689 ipso
1364 2589 1451 2670 aditu
1476 2609 1608 2692 imperii
1625 2631 1676 2672 se·

932 2708 1073 2772 cundum
1099 2721 1205 2770 certas
1225 2719 1316 2770 notas
1344 2709 1615 2794 chronologicus
1639 2713 1676 2774 Ρ.

931 2813 976 2873 M.
993 2813 1062 2870 Tu.
1077 2809 1113 2868 P.
1132 2809 1226 2872 COS.
1244 2811 1283 2872 P.
1298 2813 1334 2870 P.
1353 2805 1395 2890 s).
1416 2812 1515 2872 Numi
1536 2810 1677 2874 Alexan-

931 2909 1016 2974 drini
1035 2905 1226 2987 ΕΤΟΕΒυς,
1251 2914 1325 2974 PII'
1337 2911 1466 2973 titulum
1483 2912 1548 2995 jam
1565 2915 1599 2974 iu
1617 2936 1676 2975 nu·
1704 2960 1707 2969 ,

929 3011 991 3072 mis
1010 3029 1084 3074 cum
1109 3033 1193 3075 anno
1210 3008 1239 3072 Δ
1265 3025 1442 3076 ostentant.
1485 3011 1580 3078 Atia
1597 3015 1675 3078 reli-

930 3133 995 3197 quo
1015 3111 1149 3196 copioso
1175 3133 1347 3176 nemorum
1375 3113 1552 3189 Alexandri
1575 3117 1676 3200 agmi-

929 3231 972 3274 ne
997 3213 1060 3277 alia
1083 3215 1137 3276 lex
1159 3214 1310 3278 obtinuit.
1346 3217 1390 3278 Et
1410 3213 1450 3277 cd
1476 3219 1530 3279 Pii
1555 3207 1676 3282 nometi

931 3315 1019 3400 quod
1039 3318 1173 3390 attinet,
1196 3317 1228 3378 in
1249 3317 1340 3378 nullo
1364 3315 1428 3378 alio
1452 3313 1675 3406 cujuscunque

930 3413 1055 3500 nietalli
1079 3427 1137 3479 seo'
1152 3418 1296 3492 formae,
1320 3415 1460 3502 demptis
1479 3423 1590 3502 pa'ucis
1610 3443 1676 3497 may

931 3519 1010 3581 rimi
1036 3517 1180 3591 moduli,
1211 3518 1294 3580 illud
1319 3518 1466 3600 reperias
1494 3535 1569 3584 aute
1596 3523 1672 3585 trib:

930 3599 1125 3704 pbtestate'm
1151 3617 1212 3695 X.‚
1245 3637 1303 3680 seu
1329 3640 1445 3680 annum
1471 3622 1511 3686 V.
1537 3625 1572 3685 C.
1601 3625 1674 3703 olla,

930 3743 967 3787 ac
989 3736 1056 3784 tum
1087 3720 1218 3806 quidem
1249 3719 1282 3782 in
1314 3736 1477 3782 monetam
1506 3721 1674 3787 inductum

930 3819 995 3886 non
1012 3821 1150 3904 amplius
1162 3821 1316 3906 deinceps
1333 3822 1509 3898 omittitur,
1534 3821 1674 3910 demptis

930 3925 1037 3988 nuruis
1064 3921 1189 4007 aliquot
1210 3939 1264 3986 aut
1290 3923 1541 4003 semibarbaris,
1563 3941 1617 3988 aut
1634 3927 1676 3991 de

929 4026 1171 4110 permutatione
1191 4025 1361 4088 matricum
1379 4027 1550 4109 suspectis.
1579 4029 1622 4090 At
1638 4029 1676 4092 ti·

930 4129 1019 4192 tulus
1036 4131 1172 4205 Felicis,
1195 4128 1222 4188 si
1240 4128 1354 4190 citatos
1372 4127 1532 4192 maximae
1549 4129 1675 4195 formae

931 4249 1048 4294 numos
1073 4229 1200 4306 demas,
1234 4229 1266 4290 in
1296 4230 1388 4292 nullo
1418 4230 1483 4292 alio
1506 4249 1564 4293 scu
1587 4251 1677 4294 conr·

932 4333 1026 4396 matis
1055 4330 1215 4408 Romani,
1253 4351 1313 4394 seu
1346 4331 1516 4418 peregrini
1542 4333 1673 4418 legitur.

1437 4529 1687 4554 '‘U—*1

929 4673 957 4720 et
976 4667 1019 4724 25.
1095 4656 1128 4734 d)
1139 4658 1280 4718 Muratori
1295 4678 1328 4736 p.
1345 4661 1408 4732 459.
1422 4665 1448 4719 4.
1523 4655 1553 4727 c)
1568 4656 1678 4722 Gruter

1366 4841 1429 4902 Nn
