4220 5504
877 427 1255 512 PuscuNttivs
1304 425 1498 514 NIGER.

1066 697 1313 762 vaurme.

610 807 780 872 connum
802 804 960 868 comant.-

712 905 815 972 Aurei
878 941 1154 970 ......
1160 969 1164 974 .
1192 936 1579 964 ........
1622 892 1754 960 nunu.

594 1011 599 1016 '
707 1003 868 1091 Argentci
929 1037 1577 1068 ..............
1619 997 1722 1064 Rutu

706 1107 813 1172 Aenei
829 1107 862 1166 1.·
871 1105 997 1168 formae
1035 1141 1578 1168 ...........
1619 1101 1696 1163 ΗΒ.

701 1207 807 1269 Aenei
826 1207 867 1268 li.
885 1205 1013 1270 formae
1085 1251 1095 1269 .
1139 1245 1154 1278 .¹
1192 1250 1202 1270 .
1246 1241 1310 1272 .·.
1353 1244 1363 1264 .
1406 1225 1469 1266 .,·.
1514 1244 1524 1266 .
1568 1245 1579 1266 .
1614 1203 1756 1278 uultu.

539 1331 543 1340 ·
655 1380 656 1390 ἵ
706 1305 809 1371 becci
827 1307 992 1374 ttarllt.
1009 1307 1136 1372 formae
1194 1345 1577 1371 ........
1621 1303 1664 1369 Ο.

599 1400 777 1500 Ιίὴιίηιιιιῖίε
793 1413 968 1490 pereprini.
1321 1411 1325 1417 “
1526 1471 1531 1480 ,

705 1509 920 1594 Cypriorum,
943 1510 971 1572 ui
990 1510 1170 1596 genuinae,
1192 1519 1230 1578 ut
1247 1504 1316 1570 dixi
1352 1550 1362 1569 .
1404 1550 1416 1574 .
1459 1551 1474 1586 „
1514 1547 1523 1568 .
1567 1546 1576 1568 .
1617 1503 1752 1574 Vnicuc.

895 1761 1239 1826 rnucnnnwc
1280 1761 1456 1824 ornan.
1501 1711 1515 1742 ’

466 1963 502 2026 G.
523 1959 697 2024 Pescennii
717 1957 813 2044 Nigri
834 1978 914 2044 gene
931 1957 1059 2042 Aquino
1087 1953 1154 2016 ori·
1210 1970 1244 2019 ct
1257 1955 1358 2020 Tauri
1384 1952 1540 2040 angustiis
1557 1949 1722 2037 praecidio
1747 1951 1884 2016 munitio
1897 1951 1963 2016 Ae·

405 2060 511 2138 unda,
542 2059 635 2142 cujus
651 2074 837 2122 curatorem
861 2079 939 2124 aruc
963 2058 1040 2142 agit.
1077 2057 1150 2140 Ipse
1210 2059 1378 2120 milianum
1408 2077 1482 2120 curn
1508 2053 1656 2118 exercitu
1680 2053 1869 2137 praemisit,
1901 2053 1962 2116 seri

403 2161 594 2250 parentibus
619 2159 757 2225 modicia
787 2175 901 2238 natue,
933 2173 1026 2252 patre
1045 2155 1150 2220 Annio
1208 2160 1272 2227 boc
1295 2158 1336 2222 ad
1354 2159 1509 2242 Cyzicum
1526 2157 1615 2220 ricto
1639 2175 1802 2240 caecoque
1818 2155 1957 2220 alteram

367 2327 373 2336 ,
405 2268 534 2340 Fusco,
557 2275 661 2326 matre
676 2263 863 2346 Lampridia
880 2263 922 2342 ¹).
962 2263 1043 2324 Post
1062 2259 1151 2322 varia
1207 2282 1324 2324 rursus
1352 2263 1456 2322 aleam
1485 2258 1526 2321 ad
1555 2258 1659 2320 sinam
1692 2259 1847 2334 Issicum,
1892 2277 1959 2342 quo

405 2363 541 2428 militiae
557 2363 667 2426 munic
694 2383 768 2426 cum
792 2364 889 2428 laude
906 2362 993 2426 obita
1021 2361 1151 2422 aCom·
1208 2363 1287 2426 oiim
1299 2363 1374 2426 loco
1392 2359 1513 2444 Durine
1530 2381 1604 2423 cum
1614 2357 1803 2422 Alexandro
1820 2362 1865 2422 tt.
1879 2377 1957 2422 con-

405 2465 504 2527 modo
532 2463 715 2528 declaratus
743 2467 858 2528 conani
874 2463 906 2546 b)
941 2483 978 2526 ac
1007 2461 1149 2546 donique
1207 2461 1307 2539 ssixit,
1347 2483 1421 2526 cum
1454 2463 1585 2525 aemulo
1616 2459 1762 2544 experiri
1794 2457 1956 2534 decrerit,

403 2563 563 2627 exercitui
574 2565 708 2645 Syriaco
720 2563 925 2648 praepositus
939 2577 989 2626 oct
1005 2565 1044 2644 c).
1069 2563 1149 2625 Cae·
1208 2563 1301 2648 cujus
1318 2581 1447 2647 pugnae
1465 2561 1494 2622 ia
1508 2553 1572 2624 fuir
1590 2563 1717 2639 exitur,
1748 2573 1784 2622 ut
1802 2559 1890 2623 edita
1907 2559 1955 2621 in·

406 2686 443 2727 so
473 2687 491 2728 a
526 2663 685 2727 militibus
709 2665 902 2740 Pertinace,
939 2665 1147 2750 cognitoque,
1208 2680 1307 2748 geme
1333 2665 1486 2748 utrinque
1513 2662 1614 2728 caede
1642 2663 1714 2748 ipae
1738 2659 1882 2746 deniqne
1907 2661 1956 2724 io·

402 2767 581 2842 lulianum,
605 2764 694 2851 quod
704 2786 763 2850 per
773 2764 993 2830 execrabilem
1012 2767 1149 2850 emptio·
1205 2766 1309 2830 serior
1330 2765 1408 2850 fuga
1434 2764 1475 2830 ati
1493 2765 1695 2849 Euphratem
1719 2763 1950 2837 contenderet,

401 2887 478 2930 nem
507 2867 724 2952 principatum
755 2868 957 2952 arripuerat,
997 2867 1148 2932 omnibus
1206 2867 1264 2929 sed
1286 2881 1448 2930 retractus
1467 2866 1688 2930 aSereriania
1709 2878 1817 2927 morte
1836 2861 1955 2926 adiice·

404 2970 511 3053 palam
534 2969 696 3031 redditum
729 2969 889 3046 invisum,
928 2991 994 3032 non
1024 2967 1150 3030 dubita·
1205 2982 1307 3031 rctur.
1343 2967 1424 3050 Ejus
1445 2981 1583 3051 caputa
1613 2967 1738 3031 Severo
1756 2965 1954 3048 Byzantium

403 3069 452 3130 vit
474 3068 617 3131 oblatum
640 3069 702 3129 eibi
733 3091 751 3130 n
777 3069 964 3152 legionibus
995 3069 1062 3132 auia
1091 3069 1150 3130 inr-
1206 3069 1361 3144 missum,
1400 3081 1434 3130 et
1456 3069 1533 3153 palo
1561 3065 1743 3152 praefixum
1768 3065 1951 3152 oppidanis,

403 3167 531 3250 perium
556 3187 718 3250 occupare
734 3165 777 3246 d).
816 3171 861 3230 Et
885 3167 1043 3234 tenuisset
1066 3167 1150 3232 illud
1207 3184 1243 3234 ut
1263 3169 1475 3254 pertinaciam
1509 3169 1543 3232 in
1566 3167 1751 3232 resistendo
1779 3181 1953 3253 ponerent,

406 3267 536 3350 quieto,
567 3268 595 3329 ai
621 3287 682 3350 per
706 3269 863 3352 populum
879 3271 1063 3331 Romanum
1087 3285 1151 3332 ate·
1208 3285 1405 3336 ostentatura
1428 3269 1464 3352 ¹).
1509 3273 1618 3356 Atque
1645 3273 1732 3334 bunc
1760 3269 1795 3332 in
1817 3265 1953 3332 modum

408 3369 517 3444 ticset,
540 3367 597 3454 qui
622 3366 748 3430 Iuliano
770 3389 880 3432 coram
903 3390 968 3431 non
992 3369 1151 3434 dubitarit
1206 3373 1306 3438 vitam
1326 3395 1400 3436 cum
1423 3373 1562 3456 imperio
1584 3369 1669 3434 finiit
1683 3373 1789 3454 Niger
1814 3391 1901 3434 enno
1915 3372 1954 3436 V.

409 3468 537 3532 sublato
564 3467 709 3530 clamore
724 3467 862 3551 Nigrum
886 3469 948 3532 cibi
967 3472 1149 3558 principem
1209 3477 1244 3537 C.
1262 3485 1336 3556 q47.
1364 3475 1414 3538 rci
1430 3474 1580 3536 militaris
1596 3473 1723 3557 peritus
1743 3471 1898 3555 egregie,
1922 3485 1955 3534 et

405 3582 439 3632 et
461 3572 644 3654 Augustum
667 3569 847 3654 deposcere
864 3571 903 3652 ο).
960 3573 1011 3636 Εο
1036 3574 1151 3658 popuii
1207 3589 1343 3660 propter
1358 3575 1550 3658 disciplinae
1563 3587 1669 3652 artes,
1688 3595 1751 3659 quc
1770 3573 1954 3636 exercitum

408 3670 539 3735 adiectu
554 3669 689 3755 segnior
707 3671 811 3734 otiose
829 3671 899 3757 ipse
918 3673 1069 3737 desidere
1084 3675 1150 3738 An·
1206 3677 1351 3741 retinere
1368 3677 1401 3738 in
1418 3674 1529 3740 officio
1544 3675 1654 3752 norit,
1677 3675 1717 3738 ab
1735 3675 1808 3760 ipso
1828 3676 1955 3738 Severo

406 3770 566 3852 tiocbiac‚
590 3770 696 3836 donec
721 3792 852 3837 caecum
875 3775 1054 3853 Iulianum,
1084 3778 1151 3838 Ro·
1206 3777 1240 3838 in
1265 3777 1592 3862 pretiobabitucc),
1624 3791 1773 3840 ceterum
1804 3775 1954 3838 mor'ibua

406 3893 560 3959 mamque
584 3873 692 3936 teneri
717 3896 736 3936 a
760 3875 904 3951 Severo,
941 3891 1037 3962 atquc
1061 3877 1148 3941 hunc
1201 3877 1320 3968 ¹ferox,
1350 3893 1384 3942 et
1412 3877 1590 3940 effrenatae
1615 3877 1656 3942 ad
1674 3879 1771 3942 oinne
1796 3875 1955 3962 cupidita·

407 3973 532 4036 bellum
543 3974 717 4038 adversum
729 3995 765 4038 nc
780 3997 896 4059 parare
907 3975 1039 4043 audivit.
1062 3981 1148 4041 Turn
1206 3989 1274 4041 tum
1294 3999 1397 4063 genna
1412 3977 1558 4068 libidinis
1573 3977 1617 4060 ¹¹).

406 4095 487 4139 vero
509 4075 659 4138 omnibus
678 4074 719 4140 cd
738 4075 957 4140 resistendum
979 4097 1151 4163 pracpara-
1269 4079 1321 4142 Ex
1336 4081 1560 4166 uxoreplures
1576 4079 1689 4142 babuit
1701 4079 1848 4158 liberos,
1871 4097 1954 4164 qnos

408 4175 470 4252 tia,
506 4177 683 4260 Byzantio,
712 4177 850 4264 aliisque
880 4177 984 4242 Atiae·
1003 4177 1149 4255 urbibus,
1208 4181 1351 4244 Severus
1376 4181 1502 4244 bellum
1526 4183 1561 4244 in
1575 4195 1701 4268 patrem
1716 4175 1842 4268 'parans
1868 4193 1959 4244 arcto

413 4365 1959 4410 -—---——---·—-—-—-——-—-—-·--—,·—-—---

440 4473 472 4567 a)
491 4493 639 4570 Spartica.
709 4497 745 4571 b)
764 4497 912 4577 spartian.
933 4508 998 4564 mo
1019 4499 1180 4561 Herodian.
1201 4499 1231 4558 in
1247 4501 1407 4561 Pertinace.
1471 4505 1501 4578 c)
1520 4501 1597 4562 ibid.
1614 4523 1638 4561 c.
1657 4517 1683 4563 1.
1750 4501 1786 4576 d)
1806 4500 1958 4577 Spartica.

404 4580 589 4644 inPescenn.
604 4595 633 4642 et
648 4583 766 4647 Severo.
856 4596 887 4664 e)
907 4591 1056 4667 spartian.
1076 4611 1100 4650 c.
1116 4603 1142 4652 2.
1162 4589 1321 4652 Herodian.
1338 4592 1370 4652 in
1385 4591 1492 4655 Pertin.
1566 4592 1669 4668 ODio
1684 4593 1717 4652 L.
1732 4591 1872 4653 cxxiv.
1893 4592 1909 4666 ᾗ
1930 4603 1955 4658 y.

405 4669 565 4740 limodiam
639 4677 669 4750 g)
690 4675 837 4752 Spartica.
855 4698 879 4736 c.
896 4693 922 4747 3.
996 4679 1032 4756 b)
1053 4679 1129 4739 ibid.
1149 4695 1217 4743 ct.
