4220 5504
397 417 468 496 106
872 400 1142 476 enomvs
1192 375 1489 477 ΑιΒΙΝνε.7

398 603 442 662 At
467 593 553 658 enim
572 591 605 654 id
622 590 728 674 ipsum
753 607 874 650 nornen
889 569 1013 671 legitur
1036 585 1142 649 adhuc
1242 583 1406 667 'Pontifex
1426 585 1607 659 maximat,
1635 583 1730 644 Pater
1743 584 1884 663 parmae.
1945 627 1950 634 -

325 686 329 694 ,
399 703 433 761 in
455 695 562 760 numia
582 691 690 756 Albini
713 691 871 776 Augusti,
899 707 1008 773 neque
1030 686 1143 750 verisi-
1220 691 1229 700 “

399 799 498 874 mile,
529 793 685 856 Albinum
711 813 751 854 eo
776 806 943 876 tempore,
983 808 1048 874 quo
1082 787 1141 848 ho·
1263 785 1358 880 Quae
1382 785 1631 849 adtitulosltos
1652 783 1837 869 pertinent,
1860 803 1942 868 quea

403 913 486 961 stem
527 917 563 960 ae
590 894 706 959 Severi
736 893 904 978 professus
936 906 1005 966 eat,
1048 909 1144 953 naum
1199 889 1319 953 Albino
1353 888 1445 952 numi
1473 889 1598 974 aliquot
1633 887 1729 952 valde
1760 883 1853 948 dubii
1887 884 1944 946 tri·

398 1001 501 1062 suinae
517 997 662 1074 nomine,
684 995 772 1082 quod
789 1015 849 1078 per
866 993 1074 1078 adoptionem
1091 1011 1142 1054 ac·
1198 991 1312 1067 buunt,
1334 989 1431 1072 vide,
1453 1009 1537 1078 quae
1556 987 1667 1074 paullo
1685 1007 1783 1076 snpra
1801 983 1942 1050 animad-

400 1101 563 1164 cessiaset.
585 1099 715 1162 Certim
731 1097 832 1180 igitur
841 1097 928 1159 istud
943 1113 1063 1159 nomen
1073 1093 1143 1154 fne-
1199 1092 1370 1160 vertimus.

315 1271 319 1280 .
398 1206 442 1264 rit
460 1201 555 1264 unica
574 1221 613 1263 ex
633 1198 828 1283 majoribus,
856 1197 945 1286 quod
963 1196 1025 1260 tibi
1049 1213 1142 1258 mure

399 1303 470 1385 ejus
489 1303 604 1368 actalia
619 1297 803 1369 adsciverit.

1041 1583 1298 1645 eneTlVM.
1426 1667 1427 1670 Ν

599 1785 768 1847 Commntt'a
788 1783 948 1845 nonant.-
1650 1815 1656 1824 .

694 1885 797 1947 Aurei
861 1918 1564 1948 ..............
1608 1880 1711 1942 ERR-

694 1984 854 2068 Argentei
920 2027 928 2046 .
972 2025 981 2043 .
1024 1974 1049 2064 ,Ἰ
1080 2021 1565 2048 ···········
1608 1981 1650 2044 R.

694 2087 799 2150 Aenei
816 2088 841 2148 1.
867 2099 900 2147 et
918 2087 958 2146 11.
984 2084 1109 2147 formae
1131 2122 1563 2148 .........
1606 2081 1649 2142 R.

690 2186 797 2252 Aenei
811 2188 866 2248 111.
884 2186 1011 2248 formae
1075 2223 1561 2252 ..........
1608 2180 1649 2243 0.

694 2288 800 2351 Aeaei
821 2310 906 2351 max.
928 2287 1055 2358 formae
1083 2323 1564 2352 ..........
1605 2281 1738 2351 RRRR.

594 2394 763 2456 commatis
779 2393 945 2470 γεωργίης·
953 2411 965 2449 .·

693 2489 832 2558 Vrbium
855 2490 1032 2552 liberarum
1073 2533 1084 2555 .
1128 2535 1137 2554 .
1181 2533 1189 2550 .
1234 2535 1243 2556 .
1287 2531 1297 2549 .
1341 2532 1349 2550 .
1397 2481 1406 2552 ζ
1447 2530 1458 2549 .
1501 2528 1509 2546 ·
1554 2529 1564 2549 .
1606 2485 1707 2547 ΗΕΒ.

692 2589 923 2667 Alexandrini,
946 2603 979 2672 ot
1002 2590 1198 2666 Antiocheni
1233 2637 1241 2652 .
1286 2637 1295 2655 .
1339 2635 1349 2654 .
1394 2636 1403 2655 .
1554 2586 1648 2649 .v0.

691 2691 903 2756 Coloniarum
965 2733 1560 2759 ............
1605 2687 1649 2750 0.

830 2979 869 3040 t.
913 2975 1213 3038 SEPTIMIVS
1253 2975 1523 3048 SEVERVS„

455 3159 572 3234 Natua'
589 3169 622 3232 in
652 3170 766 3234 Africa
797 3167 883 3252 apud
909 3169 1029 3254 Leptin
1065 3171 1137 3254 agri
1195 3171 1370 3236 oriundum
1384 3169 1490 3234 refert
1506 3169 1556 3249 θ),
1577 3149 1840 3251 οοηρρίτεηὶίὺυι
1854 3165 1936 3230 adeo

393 3270 589 3355 'l'ripclitani
621 3285 714 3354 patre
750 3273 851 3346 Geta,
892 3283 994 3332 matre
1019 3273 1135 3336 Fulvia
1193 3275 1395 3350 nominibus,
1419 3270 1574 3355 etpatria.
1596 3267 1937 3352 Praepositusdeinde

392 3373 451 3436 Pia
477 3370 530 3433 die
547 3373 600 3433 x1.
628 3372 751 3455 Aprilis
775 3373 816 3436 V·
842 3373 877 3434 C.
902 3372 963 3456 899
980 3374 1020 3454 ¹).
1049 3375 1137 3436 Lati·
1193 3376 1318 3460 legioni
1346 3377 1401 3444 lV.
1431 3371 1604 3453 Scythicae
1630 3370 1718 3434 circa
1737 3369 1935 3444 Massiliam,

332 3503 335 3508 ·
390 3496 448 3536 naa
465 3472 673 3557 Graecaeque
696 3473 806 3534 literas
826 3493 911 3556 puer
930 3471 1064 3535 adsidue
1082 3495 1137 3538 co·
1192 3491 1306 3561 postea
1321 3475 1576 3562 Lugdunensem
1593 3470 1733 3534 Galliam
1755 3491 1938 3555 magnate·

393 3577 472 3650 luit,
503 3563 609 3658 iisque
626 3573 690 3634 luit
714 3573 966 3638 eruditissimus.
998 3579 1140 3638 Rumam.
1193 3578 1340 3640 ueritatis
1365 3591 1399 3640 et
1417 3573 1631 3652 abstinentiae
1653 3572 1937 3656 commendatione

390 3676 561 3763 profectus
606 3674 717 3758 coepit
752 3673 843 3737 adire
886 3677 1134 3760 rempublicam,
1193 3680 1301 3742 rexit.⁴
1337 3667 1520 3741 Pannoniae
1549 3693 1699 3758 qnoque,
1730 3688 1764 3736 et
1789 3675 1935 3738 Siciliam

389 3779 517 3862 fuitque
535 3776 599 3858 jam
615 3795 701 3842 auno
716 3777 831 3840 aetatis
847 3777 979 3841 xxxu.
1002 3791 1136 3862 praetor
1192 3779 1390 3863 proconsule
1406 3777 1655 3844 administravit.
1677 3777 1718 3844 V.
1737 3777 1936 3858 09380ου-

391 3879 578 3964 designatus
594 3897 794 3960 magnopere
808 3878 879 3960 ejua
897 3879 1033 3942 consilia
1046 3879 1135 3962 adju·
1192 3883 1242 3944 sul
1265 3879 1422 3944 suffectus
1447 3880 1511 3942 fnit
1533 3879 1621 3942 inter
1646 3885 1710 3940 eus
1731 3877 1878 3963 quinque
1902 3893 1936 3938 et

393 3993 487 4044 rante
512 3978 672 4064 Septimio
705 3980 830 4043 Severo
862 3979 968 4042 adfine
993 4001 1052 4044 auo
1082 3980 1134 4042 bia
1189 3983 1323 4067 viginti,
1353 4001 1435 4066 quoa
1455 3982 1519 4044 hoc
1548 4000 1633 4042 anno
1659 3978 1701 4042 ad
1730 3977 1935 4040 consulatum

393 4077 615 4158 contulerit).
662 4081 755 4144 lnter
782 4083 852 4162 ejus
877 4081 1018 4164 ancrea
1047 4081 1134 4144 haud
1190 4084 1355 4168 promovit
1385 4079 1643 4162 Commodnsd).
1689 4080 1811 4156 Postea
1843 4097 1936 4161 prae·

393 4181 492 4246 dubie
515 4183 612 4246 ctiam
638 4182 858 4244 numerandus
879 4183 1055 4266 Septimius
1076 4184 1133 4246 Se·
1191 4185 1297 4247 sectus
1327 4185 1488 4248 exercitui
1512 4181 1699 4246 Pannonico
1727 4193 1762 4242 et
1788 4177 1954 4260 illyrico„

358 4306 507 4364 ,verum
537 4283 693 4368 adquern
712 4283 1132 4368 Statinaelcganacarmcn
1192 4307 1288 4350 eacan
1317 4283 1516 4362 Commodo,
1547 4299 1582 4346 et
1604 4283 1777 4346 Pertinace
1811 4281 1853 4344 ad
1873 4281 1935 4340 irn-

393 4385 540 4468 tcripait,
563 4395 710 4470 etquem
725 4385 753 4446 ia
769 4383 816 4448 ibi
842 4405 884 4448 ex
907 4386 1022 4449 eadem
1038 4387 1136 4470 Lepti
1191 4387 1320 4471 perium
1340 4400 1476 4464 evecto,
1507 4387 1542 4460 in
1568 4384 1666 4468 hujus
1687 4381 1752 4446 lide
1780 4395 1935 4468 constant

430 4643 842 4722 ²)01011·LXXV1.§.17.
896 4650 931 4722 b)
951 4651 1096 4728 spartian.
1153 4653 1185 4726 c)
1203 4651 1310 4712 Silvar.
1328 4653 1359 4709 l..
1378 4651 1428 4714 lV.
1447 4651 1586 4714 carmV.
1642 4649 1677 4723 d)
1698 4647 1848 4726 Spartiau.
1870 4655 1934 4706 ult.
