4224 5506
377 493 495 578 pm,
994 468 1357 544 -connouvs

361 685 365 690 ·
413 659 574 746 insignem
595 655 752 720 maximae
772 653 895 721 formae
922 654 1025 716 musei
1044 655 1157 716 Caesa·
1184 695 1187 708 .

415 767 485 839 rei,
508 783 605 847 quem
620 755 703 820 inira
722 756 820 829 dabo,
845 756 877 816 in
898 757 1046 838 catalogo
1070 779 1087 817 a
1105 776 1158 817 me

416 867 549 948 volgato
564 857 687 923 fraudis
704 857 889 939 suspicione
908 877 1091 920 onerarem.
1118 861 1159 918 at

417 980 588 1049 postquam
615 961 719 1022 altero
740 956 888 1019 examine
919 977 992 1018 cum
1012 977 1084 1018 esse
1104 957 1160 1018 ho·

416 1087 494 1128 arum
508 1079 604 1147 atque
622 1062 827 1122 innocentem
847 1058 1012 1140 comperi,
1035 1071 1068 1119 et
1087 1058 1161 1118 sub·

418 1169 494 1242 inde
526 1163 689 1237 riderem,
729 1159 827 1222 alium
856 1158 1048 1241 inscriptum
1067 1159 1160 1226 ΗΟ.

419 1271 507 1331 tate.
537 1279 599 1328 ete.
623 1281 720 1345 quem
748 1279 824 1320 mox
849 1259 1047 1340 producam,
1087 1280 1160 1322 cum

419 1369 535 1434 iisdem
565 1364 652 1426 notia
683 1359 943 1443 chronologicis,
982 1373 1015 1422 et
1046 1358 1188 1422 cadom,

419 1470 534 1555 capitis
566 1459 746 1548 epigraphe
769 1475 897 1522 exstare
918 1462 953 1522 in
974 1480 1088 1522 museo
1111 1459 1163 1520 Pi·

390 1586 393 1594 '
418 1589 518 1644 sano,
549 1563 767 1626 absolvendus
784 1562 897 1646 utique
913 1583 1050 1636 numus,
1074 1575 1106 1622 at
1124 1561 1165 1620 si-

419 1671 490 1734 mul
513 1685 634 1730 novum
658 1663 815 1726 habemus
833 1663 1019 1744 exemplum
1041 1663 1163 1748 veteris

420 1771 522 1833 moria
559 1787 621 1852 per
650 1763 822 1828 Commodi
857 1763 1031 1848 imperium
1067 1763 1164 1846 plane

423 1871 563 1936 confusi.

695 1968 903 2050 ὲ..

567 2072 610 2131 Vr
630 2073 680 2131 lit.
696 2075 737 2132 A.
760 2079 792 2130 et
809 2073 845 2130 B.

420 2172 552 2250 APOL.
570 2169 740 2246 MONE'I'.
764 2173 822 2232 red
835 2173 869 2231 in
886 2173 1014 2244 aeneia:
1036 2166 1164 2230 APOL.

422 2272 650 2336 ΜΟΝΕΤΑΕ.
670 2274 707 2334 Ρ.
721 2273 764 2330 Μ.
780 2275 847 2333 ΤΗ.
866 2273 901 2336 P.
910 2271 981 2336 XV.
1005 2269 1165 2336 COSM.

422 2377 667 2450 Apolloniatas
691 2383 781 2435 alana
805 2377 835 2434 d.
854 2377 955 2451 capita·
978 2377 1116 2446 admoto,
1140 2392 1166 2432 a.

420 2479 589 2538 columnae
605 2478 748 2536 innixus.
779 2473 847 2534 att.
866 2474 933 2536 ΑΕ.
950 2473 990 2534 11.

488 2577 645 2637 lunonem
658 2578 816 2635 Monetam
827 2594 898 2634 cum
920 2591 961 2633 ex
974 2571 1080 2633 numia
1091 2591 1168 2656 gen·

422 2678 465 2740 tia
491 2677 655 2750 Carisiae,
693 2687 762 2736 tum
791 2685 940 2736 veterum
961 2671 1167 2748 testimoniis,

421 2793 521 2864 atque
554 2779 650 2838 etiam
684 2775 754 2858 ejus
782 2773 1008 2858 appellationis
1037 2793 1165 2842 causam

422 2895 589 2954 tenemus,
620 2898 687 2938 non
718 2875 796 2938 item
820 2878 982 2957 Apollinis
1008 2880 1165 2952 Monetae,

425 3003 490 3066 quo
506 2981 638 3042 nominc
654 2979 841 3062 Apollinem
858 2977 937 3053 soli,
962 2976 1050 3062 quod
1065 2977 1165 3038 scium

425 3079 595 3144 Commodi
627 3080 737 3152 numi,
767 3099 807 3139 ex
826 3099 921 3140 causa
942 3079 1022 3140 mihi
1045 3078 1167 3140 incom-

423 3176 758 3264 pertadiscriminant.
784 3179 850 3240 Sed
866 3198 972 3260 neque
990 3179 1081 3239 lubet
1097 3179 1167 3240 vela

427 3278 625 3360 conjecturis
647 3279 810 3362 pandere3
832 3283 906 3340 nam
929 3279 1067 3340 vidimus
1091 3280 1169 3340 huc·

426 3399 530 3466 usque
552 3379 681 3442 nomina
707 3379 769 3440 diis
792 3377 932 3452 tributa,
971 3399 1053 3462 quoe
1074 3379 1168 3440 unios

428 3481 601 3546 Commodi
619 3481 791 3544 cerebrum
820 3481 1005 3564 generavit,
1029 3496 1106 3543 noto
1124 3483 1170 3542 ni·

428 3585 546 3646 mirum
572 3581 643 3663 ejus
660 3581 810 3664 ingenio,
845 3582 919 3666 qui,
950 3596 986 3644 ut
1003 3582 1046 3664 pit
1075 3583 1170 3646 Lam·

426 3683 552 3768 pridiuo
569 3685 615 3765 ⁸),
645 3683 679 3744 in
700 3683 800 3748 sacris
829 3704 870 3745 ex
892 3683 1027 3745 libidine
1050 3686 1169 3768 potius,

375 3793 378 3805 ¹
426 3809 521 3870 quam
542 3787 703 3872 religione
727 3785 860 3849 addidit.
898 3785 1046 3847 Eundem
1072 3787 1171 3870 Apol·

426 3889 528 3949 linem
549 3891 714 3950 Monetam
745 3891 819 3950 unali
851 3905 981 3971 quoque
1004 3889 1170 3972 sequentis

426 3989 518 4050 numi
534 3989 567 4050 in
585 4007 661 4050 aere
672 3991 696 4049 1.
712 3987 838 4050 formae
854 3985 979 4050 sistunt.

791 4087 810 4126 1

873 4129 892 4168 ὓ

573 4133 848 4255 Wmdmss

428 4287 527 4354 cot.
552 4292 591 4351 L.
617 4293 687 4354 AN.
707 4289 812 4356 COM.
832 4292 872 4354 Ρ.
886 4294 930 4353 Μ.
959 4293 1029 4354 Til.
1047 4294 1083 4354 Ρ.
1098 4293 1168 4370 XV.

412 4393 519 4490 *IMR
544 4393 627 4458 V'lll.
659 4391 755 4455 COS.
771 4393 826 4458 vt.
858 4392 890 4454 S.
914 4392 950 4455 C.
985 4397 1168 4460 Commodus

1216 658 1339 716 oeloloa
1356 657 1453 717 hobus
1464 655 1591 732 functio
1608 661 1749 714 aratrum
1765 654 1863 713 ducta.
1894 651 1961 714 aa.

1216 757 1241 817 l.
1259 757 1301 816 ll.
1334 757 1423 831 (Mus
1450 756 1559 830 Caes.)

1245 919 1248 928 Δ
1279 856 1377 916 Numi
1405 855 1499 936 hujus
1516 873 1660 916 aversam
1682 854 1746 934 jam
1773 852 1836 914 rite
1861 851 1980 936 expli·

1218 977 1317 1018 cuore
1338 957 1486 1031 Petinus,
1510 955 1640 1039 aliique.
1681 959 1799 1017 Narrat
1814 953 1960 1035 Lampri-

1219 1057 1291 1118 dius
1307 1057 1358 1135 ¹³),
1389 1076 1429 1118 eo
1446 1055 1636 1118 dementiae
1657 1069 1849 1139 provectum
1867 1055 1960 1116 Com-

1219 1159 1349 1220 modum
1366 1172 1400 1220 ut
1417 1157 1532 1219 urbem
1549 1161 1684 1218 Romam
1696 1161 1860 1220 Coloniam
1879 1158 1961 1217 Com·

1218 1264 1403 1322 modiorum
1421 1260 1531 1320 vocari
1550 1259 1708 1332 voluerit,
1731 1257 1786 1341 qui
1806 1257 1900 1318 locor
1916 1256 1961 1316 sli-

1219 1361 1305 1424 oitur
1326 1361 1357 1422 ei
1378 1361 1464 1421 inter
1490 1359 1701 1420 delinimenta
1718 1359 1862 1420 Marciae
1886 1375 1961 1418 suae

1220 1461 1368 1543 injectos.
1402 1459 1517 1534 Addit,
1537 1483 1607 1544 quo
1633 1475 1782 1543 tempore
1803 1459 1845 1520 ad
1874 1477 1963 1518 sena·

1221 1574 1290 1622 tum
1318 1561 1431 1624 retulit
1470 1561 1510 1624 de
1542 1563 1774 1644 Commodiana
1815 1559 1962 1622 facienda

1220 1663 1343 1737 Roma,
1367 1683 1432 1724 non
1450 1663 1555 1725 solum
1579 1677 1724 1726 senatum
1746 1657 1837 1724 isttid
1861 1661 1964 1722 libeu-

1220 1776 1273 1824 ter
1292 1765 1475 1848 aceepissc,
1500 1766 1558 1826 scd
1581 1765 1678 1826 etiam
1695 1785 1729 1824 se
1753 1765 1860 1846 ipsum
1879 1766 1963 1824 Cont-

1221 1869 1405 1928 matonam
1416 1867 1592 1929 vocarisse.
1624 1867 1674 1927 En
1689 1880 1855 1949 stuporem
1868 1865 1964 1928 etiam

1223 1980 1352 2029 senatus
1367 1968 1516 2030 consulto
1533 1967 1712 2041 munitum,
1741 1965 1831 2051 quod
1849 1979 1965 2026 testan-

1133 2057 1138 2066 ’
1222 2079 1276 2128 tur
1292 2068 1519 2152 quoquenumi
1535 2081 1724 2149 praesentes
1735 2082 1865 2130 senatus
1875 2067 1964 2150 jussu

1223 2169 1350 2254 signati.
1376 2169 1479 2264 Quam
1506 2170 1592 2231 istud
1619 2170 1831 2252 pertinaciter
1848 2190 1964 2231 concu-

1223 2272 1362 2357 piterit,
1391 2271 1529 2352 amplius
1559 2269 1703 2334 declarat
1722 2273 1787 2334 Dio
1813 2272 1855 2351 ⁰).
1884 2273 1964 2332 Nam

1224 2375 1365 2453 jussum,
1396 2372 1456 2447 ait,
1485 2370 1586 2434 fuisse
1618 2373 1794 2456 populum,
1826 2377 1964 2436 Romam

1203 2491 1207 2498 ·
1224 2475 1326 2558 ipsam
1343 2477 1616 2549 Commodianam,
1648 2474 1858 2536 etcxercitus
1883 2478 1965 2536 Com-

1225 2579 1393 2636 modianus
1421 2575 1586 2658 appellare
1687 2589 1755 2636 tum
1784 2579 1922 2636 Romam
1948 2598 1964 2636 a

1227 2696 1262 2736 se
1284 2680 1473 2749 Aeternum,
1504 2679 1657 2749 Felicem,
1689 2679 1852 2739 Coloniam
1879 2677 1965 2738 orbis

1225 2791 1386 2838 terrarum
1408 2779 1524 2840 dictam
1534 2800 1544 2858 ξ
1570 2777 1712 2840 voluisse
1725 2777 1811 2838 enim
1823 2781 1965 2868 ommno,

1224 2879 1339 2940 urbem
1370 2900 1461 2942 suam
1492 2899 1564 2942 ease
1597 2880 1758 2943 coloniam
1778 2878 1898 2941 videri.
1927 2881 1966 2938 At

1224 2981 1310 3042 enim
1341 3001 1455 3064 parum
1491 2981 1622 3055 aberat,
1662 2981 1740 3064 quin
1778 3002 1863 3044 nora
1887 2981 1966 3042 haee

1224 3083 1353 3147 colonia
1371 3083 1409 3144 ab
1425 3103 1465 3146 eo
1484 3083 1555 3168 ipso
1573 3097 1798 3158 everteretur,
1824 3082 1879 3165 qui
1896 3100 1965 3142 eam

1227 3183 1370 3245 deduxit.
1401 3187 1483 3246 Nam
1515 3183 1715 3246 incendisset
1752 3183 1890 3258 urbem,
1926 3181 1967 3242 ait

1227 3286 1291 3348 alio
1309 3285 1597 3369 locoLampridina
1614 3283 1664 3366 d),
1683 3291 1798 3368 utpote
1808 3284 1967 3348 coloniam

1228 3408 1337 3462 suam,
1359 3387 1618 3470 uisiprohilaitus
1636 3411 1652 3450 a
1673 3391 1776 3449 Laeto
1794 3387 1922 3449 suisset.

1292 3494 1420 3572 Typus,
1438 3509 1557 3574 nempe
1578 3489 1731 3552 sacerdos
1741 3490 1866 3551 relatus
1880 3489 1969 3572 juno·

1227 3589 1268 3652 tis
1289 3589 1391 3651 bobus
1412 3613 1525 3667 arans,
1549 3591 1686 3674 egregie
1710 3590 1909 3672 scriptorum
1925 3603 1970 3650 te·

1229 3691 1379 3752 stimonin
1406 3693 1541 3756 roborat
1550 3714 1560 3772 3
1588 3713 1660 3753 nam
1685 3690 1712 3752 is
1733 3691 1850 3754 obrius
1873 3690 1970 3752 estin

1227 3791 1334 3852 numia
1359 3791 1509 3867 urbium,
1542 3816 1624 3880 qnae
1640 3793 1797 3858 Coloniae
1812 3792 1969 3854 deductae

1228 3906 1312 3955 sunt.
1336 3895 1442 3976 Atque
1461 3895 1501 3956 ad
1526 3917 1682 3957 vesanum
1697 3894 1784 3956 istud
1800 3891 1969 3956 Commodi

1227 3993 1406 4056 institutum
1419 3999 1581 4078 pertinet,
1604 3997 1700 4082 quod
1708 3995 1867 4084 perhihes
1883 3993 1967 4055 idem

1226 4093 1293 4156 Dio
1309 4098 1356 4175 e),
1394 4102 1426 4159 ei
1446 4099 1586 4160 alo'tumn
1612 4120 1744 4161 oareom
1764 4101 1854 4159 mille
1877 4099 1970 4158 libro·

1227 4217 1296 4258 rttm
1321 4217 1392 4260 cum
1418 4211 1511 4263 tauro
1536 4211 1568 4262 et
1584 4221 1682 4261 vooco
1701 4203 1808 4280 ficiaco
1821 4203 1968 4280 positam,

1226 4299 1379 4360 nimirum
1416 4302 1507 4362 volut
1533 4303 1681 4364 coloniae
1704 4301 1879 4363 conditori.
1917 4301 1970 4364 Vi·

1226 4399 1286 4476 de,
1310 4419 1392 4484 quae
1414 4397 1455 4462 de
1482 4422 1576 4465 sacro
1606 4403 1669 4466 hoc
1695 4403 1846 4465 coloniae
1873 4401 1971 4464 dedn-

429 4545 1965 4576 *w*-

484 4635 515 4703 a)
536 4631 567 4690 in
579 4631 732 4690 Commod.
752 4651 816 4710 cop.
835 4635 877 4696 16.

428 4719 594 4780 Commodo
613 4739 678 4796 cap.
695 4729 737 4784 ts.
814 4723 843 4791 e)
863 4721 923 4782 l..c.

987 4637 1020 4704 b)
1043 4639 1072 4696 i1²
1090 4641 1241 4698 C0mm0d·
1258 4665 1323 4732 cap.
1341 4657 1408 4740 ⁸'.
1477 4651 1506 4718 c)
1527 4649 1558 4704 L.
1577 4649 1685 4706 Lxxu
1714 4655 1788 4723 pas.
1889 4647 1974 4718 dlin
