4178 5486
675 443 1076 560 varentsttvs
1578 471 1653 550 ets
1755 525 1758 529 ,

107 635 267 724 principi,
289 634 353 698 nisi
368 651 466 720 quem
482 623 614 698 fortuna
630 635 781 699 omnibus
799 655 851 698 or·
908 637 1022 701 rennia
1043 634 1232 704 Etruscilla.
1257 633 1463 718 Trebellius,
1486 654 1551 722 quo
1572 635 1651 702 loco

106 751 217 802 nasset
237 733 421 821 imperandi
444 735 615 810 subsidiis,
646 737 679 800 iu
709 735 851 821 proclivi
907 752 1035 815 namet,
1059 735 1478 801 Gallienililiumamultie
1495 733 1655 800 tliciGt't'l·

106 839 234 906 ffissac
258 835 563 912 EumaGallieno,
583 837 855 902 sedadhocob·
910 835 1576 916 lienum,emultieSuloninum,.addit:
1598 841 1656 922 qui
1691 891 1695 908 ,
1770 833 1782 860 '

110 939 260 1024 sequium
271 950 385 1001 coacto
397 940 484 1001 inter
494 938 587 1010 divos
598 939 700 1002 fuisse
712 939 852 1002 relatum
911 951 1016 1004 uectem
1042 943 1240 1013 Gallienum,
1264 942 1371 1019 patrie
1392 942 1520 1001 nomine
1542 935 1658 1021 coqno'·

109 1039 210 1104 tradit
231 1039 437 1116 Trebellius,
460 1053 494 1101 et
513 1039 645 1118 quidem
662 1061 736 1103 cum
758 1043 792 1102 in
810 1040 855 1104 ri·
913 1047 1078 1116 minatum,
1095 1044 1197 1104 etuas·
1213 1043 1358 1102 Gallieni
1371 1043 1486 1126 morani
1499 1044 1659 1124 quondam
1756 1117 1758 1123 γ
1892 1087 1896 1093 .

110 1143 164 1208 rie·
193 1141 298 1206 adhuc
329 1153 436 1215 esset;
465 1159 538 1202 nam
561 1141 699 1205 nuncius
721 1141 763 1204 tle
785 1140 855 1222 eine
913 1147 949 1205 in
962 1163 1027 1222 rep.
1043 1145 1107 1202 viri
1120 1135 1169 1221 Β).
1192 1139 1510 1228 quo'diuterpretorz
1532 1138 1658 1220 etqua,

111 1257 220 1307 morte
255 1241 357 1304 salsus
392 1241 534 1326 denique
569 1256 757 1326 compertus
793 1254 855 1316 est,
913 1248 970 1327 qur·
980 1247 1050 1323 fuit
1065 1263 1145 1303 auur
1161 1252 1323 1303 mutemus
1343 1246 1489 1305 Gallieni
1506 1244 1657 1322 depasti,
1744 1295 1757 1320 ,

112 1344 203 1428 quod
220 1342 441 1406 testimonium
459 1340 652 1406 confirmant
667 1345 769 1420 numi,
786 1343 855 1419 sed,
914 1357 947 1406 et
969 1342 1057 1426 quod
1084 1342 1316 1425 consequitur,
1345 1337 1657 1438 aberusssalonini,

113 1435 668 1528 quodobserrareneceese,solum
680 1444 855 1506 Goltzinni.
912 1463 986 1503 nam
1004 1463 1098 1505 secus
1116 1443 1310 1526 genealogia
1325 1463 1391 1506 non
1408 1443 1575 1506 cohaeret.
1596 1444 1661 1505 Er·
1747 1427 1757 1446 ’

176 1547 315 1614 onres.
337 1545 462 1608 Harum
483 1546 575 1608 binas
593 1545 694 1607 luisse
710 1545 858 1614 Valeria·
915 1565 957 1628 go
973 1531 1170 1618 verisimile,
1191 1566 1209 1604 a
1227 1541 1379 1605 Gallieno
1397 1545 1456 1607 illo
1474 1557 1589 1608 uetere
1603 1563 1661 1606 vo·

113 1665 179 1718 no,
201 1645 323 1708 diserte
350 1643 448 1710 docet
468 1645 675 1720 Trebellius,
698 1645 754 1730 qui
779 1647 859 1708 elte-
916 1657 1019 1708 catam
1042 1629 1144 1704 filiam
1170 1640 1371 1718 Gallienam,
1394 1645 1540 1728 priorem
1563 1643 1663 1710 Vele-

113 1765 189 1810 rum
209 1747 280 1828 ejus
296 1744 400 1809 filium
417 1747 645 1822 Valerianum,
664 1747 743 1822 ulia,
762 1767 858 1829 quam
916 1745 999 1808 riani
1021 1763 1176 1818 uxorem,
1199 1742 1239 1814 ab
1265 1743 1325 1806 heo
1348 1741 1453 1804 filium
1476 1733 1664 1810 Gallienum

117 1847 302 1910 Gallienum
322 1862 425 1934 matre
442 1850 553 1910 natum
571 1844 719 1909 adfirmat
734 1848 774 1927 ⁸).
796 1850 859 1910 Ea·
916 1845 1111 1930 Augustum.
1129 1841 1300 1908 Gallienee
1315 1865 1435 1906 nomen
1451 1843 1609 1906 habemus
1625 1844 1660 1905 in

106 1969 193 2010 ¹rum
210 1969 304 2010 unam
323 1947 425 2010 fuisse
443 1951 678 2022 Mar-inionem,
701 1947 859 2011 verisimi·
916 1947 1110 2029 famigerato
1132 1965 1232 2007 numo
1256 1965 1375 2034 aureo,
1399 1965 1497 2028 quem
1521 1943 1607 2006 inire
1627 1945 1662 2004 in

116 2049 153 2110 le
172 2061 237 2122 est,
256 2039 296 2112 ut
307 2047 391 2110 inira
403 2047 551 2123 dicetur,
570 2065 708 2131 eamque
723 2047 788 2111 tori
804 2067 861 2130 po·
917 2046 1060 2110 Gallieni
1077 2045 1184 2107 nemis
1202 2045 1511 2130 contemplabimur,
1534 2057 1568 2107 et
1585 2043 1662 2107 eat-

118 2147 284 2224 eteriorie,
313 2167 354 2209 ex
382 2167 448 2232 quo
471 2149 578 2211 editus
599 2147 792 2215 Valerianus
813 2147 863 2230 ju·
918 2139 1040 2209 lienalb
1072 2138 1215 2208 Gallieni
1245 2145 1474 2208 consobrinam
1504 2157 1666 2207 memorat
1747 2149 1750 2158 '
1779 2135 1785 2142 ’

116 2243 212 2324 nior,
235 2267 276 2312 eo
297 2247 500 2331 colligitur,
516 2248 605 2332 quod
625 2253 722 2312 diuae
742 2267 862 2312 nomen
921 2245 1109 2312 Trebellius
1127 2245 1160 2306 in
1181 2260 1316 2326 tyranno
1336 2246 1444 2309 Celso.
1474 2245 1665 2316 Verisimile

117 2351 239 2436 passim
254 2349 288 2410 in
304 2349 413 2411 numia
428 2348 591 2432 praefert,
608 2349 696 2412 unde
710 2348 863 2434 probabi·
915 2361 1137 2434 quaererent,
1160 2345 1268 2409 eidem
1292 2347 1424 2408 mulieri
1447 2349 1585 2418 alterum
1608 2365 1667 2408 no·
1760 2329 1765 2337 ¹

117 2455 164 2526 le,
181 2468 254 2512 eam
268 2461 336 2511 tum
352 2461 524 2524 mortuam,
542 2469 614 2511 curn
626 2451 762 2533 Augusti
779 2471 863 2512 uxor
920 2447 1116 2520 meufuiese
1132 2452 1304 2530 aquariae,
1321 2461 1356 2508 ut
1372 2447 1456 2509 infra
1473 2448 1507 2508 in
1524 2446 1671 2510 nomini-⁴
1743 2447 1752 2466 ⁸

119 2553 184 2634 jem
197 2563 302 2624 esset,
316 2547 461 2632 atqueiu
474 2547 684 2633 lrocviaetigio
701 2552 863 2614 coelestes
920 2550 982 2610 bue
995 2549 1137 2610 Gallieni
1151 2549 1289 2611 dicetur.
1306 2547 1341 2608 Si
1357 2531 1472 2610 verum
1488 2531 1570 2612 dixit
1584 2553 1665 2612 Tre-

120 2653 266 2713 bonoree
281 2647 443 2732 adeptam.
456 2648 558 2740 ¹Quod
572 2647 672 2712 fuerit
687 2651 791 2733 priori
807 2672 865 2712 no·
920 2649 1060 2726 ballius,
1089 2648 1145 2732 qui
1163 2669 1263 2732 egens
1281 2647 1322 2710 de
1345 2647 1496 2712 Gallieno
1513 2650 1583 2733 ejus
1595 2653 1671 2732 frui

121 2765 209 2826 men,
226 2763 259 2812 et
272 2750 459 2832 scriptores,
475 2763 507 2810 et
522 2749 612 2832 numi
627 2749 739 2837 dicere
753 2753 867 2832 negle·
923 2761 1006 2813 trum
1020 2745 1107 2810 filio'e
1125 2762 1284 2811 memorat
1300 2751 1349 2826 ο),
1371 2768 1507 2813 necesse
1525 2763 1585 2824 eet,
1604 2750 1668 2816 Ve-

123 2871 215 2915 nere.
233 2849 406 2933 conjicere
423 2847 520 2924 subit,
539 2846 642 2910 fuisse
657 2850 774 2913 dictem
789 2855 867 2914 Gal·
922 2851 1050 2913 lerieno
1080 2862 1213 2933 praeter
1240 2849 1428 2930 'Gallienum
1460 2863 1493 2912 et
1522 2848 1669 2916 Valeria·

123 2958 254 3028 liemaro,
269 2974 286 3014 e
301 2971 363 3034 que
373 2969 491 3012 nomen
502 2945 583 3025 lilio,
597 2963 633 3014 nt
643 2949 832 3013 Domitiano
847 2972 867 3015 e
921 2975 1000 3016 num
1010 2953 1077 3035 jun.
1089 2953 1203 3014 saltem
1216 2971 1316 3015 unum
1328 2951 1433 3015 adhuc
1443 2950 1543 3013 fuisse
1553 2948 1668 3012 lilium.

124 3067 230 3118 matre
240 3051 394 3132 Domitia,
409 3048 579 3118 Herennio
592 3049 735 3118 Etrusco
749 3051 790 3118 ab
799 3055 871 3116 He
979 3054 1108 3117 Desunt
1116 3053 1200 3118 certi
1209 3054 1367 3138 postremi
1375 3051 1470 3141 hujus
1482 3051 1665 3148 anninumi.

725 3377 876 3444 'Numi
917 3379 1041 3461 copia

125 3575 167 3640 t.
267 3573 358 3638 mr.
379 3569 416 3636 C.
446 3571 498 3652 (in
518 3573 597 3634 aliie
616 3569 755 3652 CAES.)
783 3571 820 3634 P.
843 3571 924 3639 cte.
945 3571 1235 3642 VALERIANVS.
1257 3570 1357 3640 AVG.
1387 3571 1487 3651 Caput
1507 3572 1668 3634 radiatum

270 3675 306 3737 in
327 3679 398 3738 AV.
420 3677 504 3750 Ate,
526 3675 707 3736 laurentum
727 3677 762 3736 t'n
783 3677 855 3736 AV.
876 3679 948 3738 Ate.
970 3677 997 3736 1.
1020 3677 1065 3737 11.
1088 3686 1122 3737 et
1139 3695 1227 3738 man.
1248 3677 1331 3736 moa

124 3777 165 3838 Β.
271 3777 359 3837 lMP.
389 3773 425 3837 C.
454 3775 493 3838 P.
523 3773 607 3838 Llc.
635 3771 924 3844 VALEtttans.
953 3777 991 3837 P.
1019 3775 1059 3839 F.
1088 3775 1188 3844 AVG.
1218 3775 1319 3854 caput
1338 3775 1516 3836 laurentem
1537 3775 1575 3834 in
1593 3775 1666 3835 AV.

270 3879 339 3941 Ae.
366 3897 408 3940 m.
429 3897 473 3937 m.
497 3879 568 3937 ΑΕ.
595 3895 637 3939 m.
659 3895 700 3938 m.
731 3879 802 3939 Ae.
827 3879 851 3938 1.
873 3879 920 3940 11.
948 3880 1110 3940 radiatum
1132 3881 1168 3938 tu
1187 3879 1257 3939 Ae.
1279 3877 1455 3939 ordinariis
1477 3885 1509 3936 et
1524 3879 1600 3940 Ae,
1621 3875 1667 3934 11.

126 3979 165 4041 G.
266 3977 355 4040 tteP.
377 3973 665 4068 vncettraNVS.
688 3977 788 4044 AVG.
813 3979 913 4058 Capul
931 3981 1095 4041 radiatum
1116 3982 1151 4040 in
1170 3981 1243 4040 ΑΒ.
1263 3981 1335 4040 ΑΕ.
1357 3977 1402 4039 11.
1531 3989 1534 3995 “

127 4080 171 4141 1).
271 4071 360 4143 lblP.
375 4077 665 4147 VALERIANVS.
680 4077 718 4142 P.
736 4077 835 4146 AVG.
853 4080 900 4154 (in
916 4079 995 4140 aliia
1006 4079 1116 4146 PIVS.
1133 4077 1535 4158 incaementatum
1551 4078 1587 4138 ἐκ
1604 4079 1672 4138 Ali.

126 4183 169 4244 r.
268 4179 559 4249 vrnnnrrnvs.
581 4179 619 4241 e.
641 4163 803 4246 nave
827 4182 927 4259 nan
946 4171 1107 4248 ranarum
1129 4181 1164 4240 aa
1186 4183 1254 4242 An.
1307 4193 1311 4202 ,

127 4279 168 4345 F.
267 4279 356 4342 ῙΜΡ.
378 4283 416 4346 Ρ.
436 4279 522 4345 mc.
542 4277 817 4350 VALEillANO.
839 4278 942 4346 AVG.
966 4282 1066 4360 Caput
1085 4281 1248 4342 radiatam
1269 4279 1394 4354 indie
1527 4285 1531 4296 '

129 4383 171 4446 e.
270 4381 359 4444 rtur.
381 4381 673 4450 vsnraranvs.
694 4383 733 4442 r.
754 4381 793 4443 r.
814 4378 916 4447 avo.
940 4362 1042 4461 caput
1062 4381 1224 4443 sarrana
1245 4383 1280 4441 aa
1296 4381 1366 4444 Ar.

167 4701 200 4772 a)
219 4695 251 4756 in
269 4693 511 4770 Valerianoiun.
581 4693 647 4772 b)
667 4695 699 4759 in
718 4693 944 4758 saloninae.
1046 4695 1075 4769 c)
1096 4694 1127 4754 in
1147 4689 1286 4760 Gallieno
1305 4715 1329 4756 e.
1347 4709 1390 4755 rt.

1169 4875 1171 4882 Ι
1233 4809 1257 4898 ·“
1326 4785 1472 4868 Buba
