4220 5504
536 461 579 534 n.
631 451 957 532 secuturus
1009 403 1297 580 severus,

196 647 259 717 Vir
270 657 352 724 erat,
374 643 408 707 in
425 664 492 730 quo
509 643 678 706 mediocre
691 642 793 720 nihil,
815 642 881 708 sir·

132 761 220 813 tutes
258 765 420 824 summae,
462 743 542 832 uitia
570 745 736 822 enormia,
781 760 879 831 atque

134 851 234 914 etiam
255 850 353 921 illae,
385 847 539 934 quoniam
565 847 699 909 modum
730 847 881 924 excessit,

132 950 223 1013 vitiis
252 951 432 1035 proximae.
474 949 519 1018 Vt
543 949 670 1011 duriter
693 949 765 1032 ipse
790 949 881 1025 vixit,

132 1053 263 1138 patiens
280 1049 448 1127 laborum,
471 1051 559 1115 victu
581 1050 751 1126 modicus,
773 1049 883 1112 animo

134 1155 310 1219 adversum
338 1167 454 1227 omne,
492 1153 651 1238 quidquid
680 1150 818 1214 arduum
849 1163 883 1213 et

133 1255 378 1340 periculosum,
426 1253 593 1338 intrepido
625 1267 662 1316 et
701 1265 882 1328 constante,

135 1359 183 1420 ita
201 1355 395 1418 adeundam
411 1354 635 1430 tolerantiam,
659 1355 885 1448 ettobaervap-

137 1457 218 1520 tiam
236 1454 579 1540 disciplinaemilitem
602 1454 802 1535 adsuefecit,
825 1453 885 1518 sed

138 1559 208 1636 sic,
229 1572 284 1634 ut,
308 1579 383 1620 cum
398 1572 536 1642 propter
547 1557 725 1640 ingenitam
742 1555 886 1642 pertine·

139 1659 225 1722 ciam
250 1659 372 1722 cedere
387 1659 459 1742 ipse
479 1674 535 1722 aut
549 1661 671 1736 nollet,
702 1674 755 1722 aut
780 1658 887 1722 nesci·

138 1773 203 1837 ret,
227 1778 325 1844 saepe
343 1762 433 1823 nullu
451 1761 494 1824 de
510 1783 607 1826 causa
625 1767 773 1848 magnam
791 1782 886 1824 exer-

140 1861 225 1926 citns
269 1874 396 1945 partem
438 1877 493 1926 ant
521 1865 657 1940 morbo,
704 1876 760 1925 aut
782 1861 886 1926 'ferro

142 1964 324 2038 amitteret,
354 1967 451 2049 atque
472 1965 577 2043 idern,
606 1967 663 2051 qui
694 1953 887 2049 disciplinae

141 2061 294 2126 militaris
326 2065 420 2149 leges
450 2066 491 2128 ud
522 2067 750 2130 crudelitatem
783 2085 886 2151 usque

143 2166 274 2249 exegit,
302 2175 413 2230 tamen
428 2169 565 2232 militem
593 2167 754 2232 donativis
772 2167 889 2230 immo·

143 2269 248 2345 dicis,
278 2283 375 2354 atque
393 2269 595 2354 indulgendo
619 2270 774 2344 liberius,
805 2288 889 2354 quae

142 2371 302 2434 hactenus
333 2372 432 2434 vetita
459 2373 493 2433 in
527 2373 642 2435 castris
673 2371 889 2449 habebuntur,

145 2473 317 2558 eorrumpi
346 2487 526 2558 pateretur.
549 2475 586 2535 ln
603 2473 694 2536 bello
711 2493 805 2547 acer,
838 2491 891 2535 ve·

144 2571 301 2650 hemena,
323 2594 362 2639 ac
379 2576 561 2660 praesentis
575 2577 609 2637 ln
631 2575 730 2638 rebus
745 2575 890 2638 adversis

146 2673 298 2752 consilii,
327 2675 403 2760 plus
424 2693 535 2740 tamen
557 2697 619 2762 per
642 2677 761 2755 duces,
795 2695 892 2761 quam

145 2779 388 2864 perseipsum
407 2779 526 2864 gessit,
558 2779 830 2863 quorumvirtuti
854 2795 893 2840 ao

146 2877 228 2942 lidei
250 2880 372 2944 vietum
398 2881 501 2944 ternis
521 2881 654 2964 praeliis
671 2881 810 2964 Nigrum
837 2876 893 2940 de·

147 2979 240 3056 buit,
276 2983 401 3062 ipsein
427 3005 536 3068 pugna
562 2981 717 3045 adversus
738 2983 892 3043 Albinum

146 3097 274 3146 tantum
297 3105 362 3147 non
385 3086 511 3159 vietus,
543 3103 580 3146 ac
603 3103 665 3167 pro
683 3095 813 3144 mortun
840 3081 902 3144 abe

148 3181 274 3264 jectus,
299 3199 397 3270 atque
413 3187 453 3250 ab
474 3190 629 3250 Atroram
653 3183 790 3246 Arabiae
810 3182 895 3246 obsi-

152 3286 252 3350 dione
270 3287 321 3348 bis
337 3291 500 3374 repulsus.
530 3289 662 3350 Bellum
680 3286 810 3372 gravius
829 3286 901 3348 nul-

149 3387 222 3451 lum
248 3391 437 3454 necessario
461 3391 615 3475 suscepit.
660 3389 776 3452 Civilia
799 3388 899 3451 suasit

151 3489 308 3568 ambitio,
349 3505 383 3554 et
410 3505 446 3553 ut
477 3492 566 3553 solus
592 3489 728 3552 remotis
762 3489 899 3552 aemulis

151 3591 351 3674 imperaret,
380 3593 569 3656 Parthicum
586 3572 746 3676 cupiditas
762 3591 899 3674 gloriae,

151 3705 191 3754 ut
232 3705 372 3757 testatur
409 3693 614 3780 Spartianus,
664 3678 901 3769 Britannicum,

153 3793 244 3878 quod
266 3793 354 3859 filios
376 3797 530 3862 licentiae
555 3797 698 3860 urbanae
716 3793 896 3878 impensius

154 3895 304 3976 deditos,
333 3914 367 3964 et
393 3901 543 3983 legiones
561 3898 629 3962 otio
650 3895 841 3966 diffluentes
861 3896 902 3958 ad

154 3999 306 4064 laborem
330 4001 464 4066 solebat
485 4018 654 4066 revocare.
685 4001 729 4062 Et
750 4019 830 4061 vero
856 3997 905 4058 in·

152 4104 318 4171 eonsnltis
334 4101 386 4166 bis
401 4103 566 4166 bellorum
585 4099 674 4167 curis
691 4121 758 4164 non
771 4117 905 4183 magno·

154 4225 239 4292 pere
253 4205 394 4290 imperio
407 4205 582 4280 consuluit,
604 4203 745 4278 Parthis,
768 4201 905 4286 aliisque

157 4324 248 4372 trans
266 4307 470 4393 Euphratem
494 4303 647 4392 gentibus
672 4325 739 4368 non
768 4315 832 4366 tam
851 4300 907 4364 de·

156 4411 275 4483 vietis,
318 4421 434 4494 quem,
481 4405 572 4494 quod
603 4407 758 4491 deinceps
788 4403 903 4489 patuit,

157 4514 264 4598 magis
284 4513 457 4578 adversum
476 4515 661 4575 Romanum
684 4527 805 4584 nomeu
830 4505 905 4568 irri-

157 4617 245 4682 tatis.
269 4613 385 4700 Neque
401 4627 467 4678 tam
485 4613 526 4678 ab
542 4612 641 4676 armis
652 4611 784 4696 apertis,
807 4628 904 4694 quam

162 4717 302 4784 occultis
326 4715 452 4782 insidiis
478 4714 693 4792 metuendus,
724 4732 800 4779 cum
823 4729 844 4774 e
865 4725 904 4774 re

650 4857 657 4896 l

1612 473 1709 550 189.

936 638 1062 714 visum
1088 637 1190 713 dolis,
1212 635 1410 712 mendaciis,
1434 633 1589 724 perjuriis
1606 655 1687 722 per·

930 739 1013 801 'inde
1044 753 1094 802 est
1129 760 1217 802 usus.
1266 742 1351 803 Sane
1387 741 1543 818 amicitia,
1589 763 1686 826 'quum

939 841 1059 902 Albino
1089 841 1231 924 primurn
1258 841 1396 925 juratam
1427 845 1596 926 professus
1625 864 1685 925 est,

940 957 974 1004 et
1003 945 1165 1026 promissa
1193 943 1343 1007 liberalia
1378 947 1508 1012 nonnisi
1537 952 1687 1019 simulata

940 1042 1051 1120 fuere,
1084 1044 1174 1129 quod
1203 1045 1370 1110 bominem
1400 1049 1509 1115 valido
1538 1056 1689 1120 exercitu

939 1147 1136 1210 instructum
1176 1147 1362 1226 metuebat,
1398 1165 1513 1234 postea
1544 1157 1589 1218 nil
1621 1158 1687 1221 tale

940 1259 1141 1324 merentem,
1188 1247 1334 1326 insidiis,
1376 1267 1474 1338 atque
1514 1257 1570 1318 ubi
1606 1257 1689 1322 haec

943 1348 1028 1409 male
1056 1367 1207 1424 cessere,
1239 1365 1353 1434 aperto
1372 1359 1480 1418 Marte
1514 1356 1687 1441 impeti-vit.

943 1447 1145 1511 Crudelitate
1185 1451 1247 1512 etsi
1277 1455 1408 1520 Nerone
1442 1473 1475 1522 et
1507 1459 1689 1523 Commodo

942 1548 1099 1627 inferior,
1143 1565 1277 1636 gre'vem
1320 1569 1429 1620 tamen
1466 1559 1574 1623 labem
1614 1578 1693 1624 oon·-

942 1650 1042 1712 traxit
1062 1653 1167 1716 eaesis
1190 1655 1313 1718 ordinis
1338 1641 1493 1723 senatorii
1515 1663 1595 1727 viris
1617 1683 1692 1748 gra·

942 1751 1098 1829 cissimis,
1127 1777 1209 1840 quos
1232 1756 1265 1818 in
1288 1759 1399 1844 Nigri,
1431 1777 1465 1826 et
1486 1763 1598 1824 Albini
1620 1785 1693 1846 par·

944 1851 1032 1915 tibus
1053 1854 1153 1933 vidit,
1183 1873 1239 1920 aut
1261 1880 1334 1922 esse
1355 1864 1502 1946 putavit,
1532 1877 1586 1928 aut
1608 1885 1691 1949 quos

945 1953 1144 2018 claudestina
1180 1961 1352 2024 adversum
1384 1983 1419 2025 se
1457 1966 1581 2051 agitare
1618 1985 1689 2028 oon·

946 2055 1018 2117 silis
1055 2059 1236 2142 suspicatus
1254 2075 1333 2128 'est
1389 2067 1432 2127 At
1462 2067 1693 2151 gratissimum

945 2157 1086 2242 imperio
1109 2160 1226 2224 vulnus
1256 2185 1318 2248 per
1339 2163 1442 2228 fitium
1466 2188 1693 2231 successorem

948 2257 1084 2338 inflixit,
1116 2281 1213 2346 quem
1245 2287 1311 2328 non
1341 2269 1439 2353 modo
1461 2285 1598 2354 propter
1625 2291 1693 2331 mo·

946 2381 1020 2424 rum
1052 2363 1318 2446 improbitatem,
1348 2389 1444 2453 quem
1466 2372 1548 2456 reip.
1572 2390 1691 2456 magno

948 2475 1102 2525 staturam
1141 2465 1206 2546 jam
1245 2467 1316 2552 ipse
1354 2471 1533 2552 praevidit,
1572 2475 1694 2534 tollere

948 2565 1039 2626 nulla
1055 2565 1175 2628 invidia
1194 2569 1336 2632 emedio
1355 2585 1495 2654 poterat,
1518 2571 1577 2633 sed
1596 2573 1695 2636 etiarn

949 2665 1038 2751 quod
1074 2667 1178 2730 semel
1208 2683 1305 2753 atque
1343 2653 1463 2736 iterum
1497 2671 1630 2736 insidias
1659 2674 1695 2739 in

949 2782 1075 2852 patrem
1114 2771 1339 2854 composuisse
1376 2777 1483 2857 palam
1518 2790 1568 2838 eat
1608 2795 1697 2838 com·

949 2871 1075 2955 pertus.
1097 2873 1200 2936 Vetus
1218 2893 1311 2934 sunm
1330 2889 1479 2940 extremo
1496 2877 1590 2938 etium
1609 2875 1696 2937 uitae

950 2973 1102 3057 ternpore
1126 2973 1292 3048 retinens,
1323 2995 1361 3038 ao
1386 2997 1460 3038 curn
1485 2963 1695 3062 gravissimos

952 3075 1135 3136 articularis
1152 3075 1261 3136 morbi
1279 3075 1412 3139 dolores
1433 3079 1698 3162 persentisceret,

953 3197 1026 3240 cum
1042 3175 1238 3238 seditionem
1263 3193 1434 3242 moverent
1453 3180 1595 3256 milites,
1625 3191 1700 3241 ante

957 3267 1100 3340 tribunal
1126 3279 1306 3360 productos
1336 3279 1411 3342 duci
1441 3279 1553 3364 jussit,
1581 3298 1698 3343 severe

954 3379 1148 3462 increpans:
1170 3385 1298 3441 tondant
1322 3385 1465 3459 sentitis,
1489 3393 1585 3461 caput
1606 3385 1702 3460 inape·

956 3501 1044 3556 aare,
1066 3503 1131 3542 nan
1142 3483 1247 3558 pedes.
1270 3480 1351 3564 Ejus
1369 3484 1497 3548 cineres
1512 3507 1530 3548 a
1545 3481 1623 3544 liliis
1635 3485 1701 3545 lio·

956 3599 1042 3642 marn
1059 3579 1159 3642 delati
1174 3577 1208 3640 in
1224 3581 1269 3643 tt.
1288 3583 1444 3645 Antonini
1463 3585 1701 3668 sepulcroeon·

956 3681 1017 3744 diti
1051 3694 1135 3742 sunt.
1179 3681 1395 3747 Memorabile
1429 3698 1560 3746 senatus
1593 3681 1634 3744 de
1662 3685 1710 3745 eo'

957 3782 1133 3865 judicium,
1165 3795 1219 3844 aut
1234 3783 1325 3844 nasci
1339 3783 1433 3846 illum
1454 3785 1521 3848 non
1538 3783 1701 3859 debuisse,

959 3897 1014 3946 aut
1040 3904 1107 3944 non
1131 3883 1235 3959 mori,
1267 3883 1356 3967 qttod
1391 3898 1598 3973 postremum
1616 3899 1705 3968 opta·

959 3997 1054 4049 terat
1074 3981 1160 4046 haud
1185 3983 1300 4060 dubie,
1324 3983 1476 4070 quoniam
1498 3985 1614 4050 Severi
1632 4007 1705 4048 cru·

962 4085 1095 4162 delitus,
1131 4098 1164 4147 et
1192 4085 1359 4170 ingenium
1398 4085 1602 4150 inexorabile
1630 4103 1706 4150 cunr

962 4188 1149 4250 Caracallus
1178 4185 1260 4249 feris
1292 4185 1438 4250 moribus
1469 4201 1704 4272 comparatum,

962 4304 999 4353 ut
1027 4302 1164 4352 eventus
1189 4287 1318 4367 docuit,
1355 4285 1431 4354 lere
1461 4309 1499 4353 ac
1532 4289 1706 4354 ferendum

963 4387 1199 4474 videri‘potuit·
1222 4391 1303 4474 Ejus
1321 4390 1420 4455 viiam
1437 4390 1599 4475 scripsere
1610 4393 1707 4478 Spar·

961 4497 1078 4568 tiernus,
1098 4493 1183 4571 Dio,
1205 4493 1415 4557 Herodianus
1430 4506 1563 4578 praeter
1577 4491 1708 4579 biogra-

961 4595 1045 4683 phos
1060 4593 1204 4659 minores
1222 4593 1315 4660 alios.

1023 4701 1116 4770 onr
1138 4701 1166 4766 l.
1196 4699 1336 4778 Martia,
1370 4715 1413 4764 eo
1443 4656 1549 4765 adbuc
1577 4697 1704 4800 privato
