4178 5486
419 453 490 578 ξω
975 452 1413 559 rnuaonra‘rvs

414 682 485 742 lum
506 671 683 740 contractis
700 664 909 735 Valerianum
939 687 1083 753 purpura
1105 665 1163 732 ‹lo-
1217 687 1291 730 rum
1314 665 1463 752 exempla
1494 664 1536 740 ii,
1568 666 1621 752 qui
1652 665 1829 752 imperium
1852 663 1959 750 adepti

412 795 538 844 natum.
560 777 667 838 Etiam
691 772 870 852 Eutropius
892 785 966 854 post
985 773 1159 832 obscurum
1220 787 1313 846 sunt,
1337 759 1431 834 etiarn
1454 767 1694 852 insequentem
1712 783 1962 830 annumeonsu·

412 883 515 944 tm'um
534 879 694 964 niensium
706 865 879 958 imperium
891 873 1084 936 exstinctum
1096 886 1163 932 tan·
1219 873 1269 934 les
1287 867 1448 956 designati
1465 869 1570 933 suere.
1595 873 1686 955 Ergo
1705 869 1889 934 verisimile
1903 884 1961 942 est,

418 999 488 1048 tum
507 981 605 1044 (locet
629 977 719 1038 nulla
743 973 828 1036 saeta
849 973 959 1036 caedis
984 973 1162 1050 mentione,
1221 972 1463 1036 'l'rebonianum
1489 973 1553 1054 jam
1578 993 1662 1034 auno
1689 973 1769 1034 roob
1798 985 1960 1032 mortuum

416 1085 518 1168 eique
532 1077 670 1143 subinde
688 1073 861 1138 suffectum
871 1073 1089 1138 Valerianum.
1111 1077 1162 1136 Ex
1220 1073 1333 1138 fuisse.
1375 1077 1491 1160 Neque
1520 1073 1584 1136 dici
1603 1088 1729 1158 potest,
1749 1071 1961 1138 Valerianum

419 1187 538 1250 borum
562 1199 643 1264 ergo
666 1189 835 1240 unctornm
865 1173 931 1239 fide
954 1175 1171 1242 ‘frobeniana¹
1220 1173 1474 1238 aTrebouiano
1502 1175 1648 1258 potuisse
1687 1171 1961 1238 ad'consulatu'm

420 1283 643 1356 Aemilianus,
666 1279 742 1340 huie
752 1277 946 1344 Valerianus
963 1297 1163 1340 successere.
1221 1275 1337 1350 evehi;
1358 1295 1431 1338 narn
1450 1277 1511 1338 etsi
1528 1276 1614 1337 istud
1629 1275 1744 1336 demus
1761 1271 1962 1338 ‹levatam-

481 1385 572 1446 lnter
583 1383 665 1445 haee
683 1381 797 1462 ingens
813 1379 1091 1462 chronologorum
1102 1379 1166 1442 dis·
1221 1397 1281 1451 uo,
1304 1391 1412 1439 tamen
1436 1397 1501 1438 non
1528 1370 1576 1438 de
1595 1373 1665 1438 litio
1686 1376 1860 1446 Gallieno,
1891 1391 1962 1433 eum

419 1503 556 1560 sensus,
586 1483 671 1544 sitne
702 1481 790 1544 Galli
818 1480 935 1544 caedes
964 1481 1093 1564 figenda
1123 1479 1163 1543 sd
1221 1497 1385 1562 nunquam
1408 1490 1507 1562 pater
1526 1476 1672 1560 privatus
1693 1497 1776 1556 'cum
1796 1473 1877 1538 filio
1903 1495 1962 1536 uns

418 1607 537 1652 sunum
569 1586 609 1650 V·
633 1587 669 1649 C.
697 1579 788 1644 roob.
817 1585 855 1642 P.
878 1583 917 1642 X.
942 1583 1022 1656 253,
1054 1604 1094 1643 an
1122 1579 1189 1671 asl'
1222 1594 1309 1642 esset
1323 1579 1455 1654 consul,
1478 1592 1511 1641 et
1525 1576 1694 1642 Gallienus
1707 1575 1900 1665 ipsejunior
1916 1593 1963 1636 es·

285 1722 292 1736 ι
316 1666 319 1674 ¹
418 1707 540 1754 sunum
566 1703 668 1764 soo7,
697 1687 733 1745 P.
755 1685 798 1746 X.
820 1685 902 1756 sbi,
935 1685 986 1746 cui
1006 1683 1165 1766 praelusit
1223 1693 1291 1757 set,
1313 1703 1409 1766 quam
1427 1695 1463 1744 ut
1485 1679 1720 1782 tauta'hunore
1740 1679 1905 1766 potuisset
1919 1676 1962 1738 ‹li-

418 1789 493 1874 ipse
510 1801 658 1851 veterum
675 1783 928 1868 epitomatorem
946 1783 1112 1847 dissensus
1129 1783 1164 1845 iu
1223 1801 1306 1866 gnus
1324 1781 1449 1845 baberi.
1552 1825 1560 1843 .

417 1887 615 1954 deliniendis
653 1883 785 1968 imperii
824 1885 1025 1948 Treboniani
1062 1885 1164 1948 annis.
1285 1883 1522 1966 Argumentum
1545 1883 1705 1959 alterum,
1728 1881 1879 1965 illudque
1900 1899 1962 1942 nou

292 1975 295 1984 ’
417 1993 494 2054 Non
512 2001 563 2052 est
577 1987 644 2050 mei
660 1986 819 2060 instituti,
842 1999 891 2046 tot
909 1987 1014 2048 varias
1032 2001 1164 2050 nostrae
1221 1983 1335 2068 parum
1360 1984 1503 2048 validum
1528 1983 1627 2048 offert
1648 1983 1777 2068 epocha
1800 1985 1964 2069 Aegeaeu·

418 2091 534 2156 aetatis
560 2087 840 2171 chronologorum
864 2089 1042 2150 sententias
1060 2087 1092 2148 in
1110 2107 1165 2150 ax·
1221 2107 1295 2148 rum
1325 2085 1471 2150 Ciliciae.
1514 2085 1857 2154 RecitatVsillautius
1884 2085 1964 2148 duos

418 2211 515 2256 amen
531 2209 672 2265 vocare,
696 2188 783 2273 quod
799 2189 863 2272 jam
884 2189 1080 2273 praestitere
1097 2189 1165 2250 Til·
1220 2185 1396 2248 Aemiliani
1417 2205 1535 2249 numos
1564 2187 1598 2247 iu
1621 2187 1682 2250 bac
1705 2187 1789 2250 urbe
1818 2185 1962 2270 signatus

416 2293 616 2367 lemontius,
639 2303 673 2353 et
689 2291 915 2354 Mazaolenus.
937 2289 1071 2374 Alioqui
1088 2309 1165 2352 con·
1222 2307 1297 2352 cum
1318 2307 1402 2350 anno
1421 2283 1527 2364 0110,
1551 2289 1641 2372 (app)
1666 2288 1786 2373 quibus
1809 2285 1884 2349 addi
1906 2307 1961 2370 po·

416 2391 507 2457 {iteri
523 2411 660 2455 neeesse
678 2405 748 2468 est,
771 2391 918 2454 eruditos
933 2389 994 2452 hos
1012 2392 1100 2454 viros
1118 2392 1166 2452 in·
1221 2401 1287 2450 test
1303 2385 1385 2449 alius
1398 2389 1571 2452 Corneliae
1587 2391 1734 2475 Superas
1751 2409 1829 2454 cnm
1848 2387 1961 2450 eodem

420 2481 747 2557 snemfere'intota
769 2493 831 2554 hac
849 2491 1067 2576 disputatione
1087 2511 1165 2576 ope·
1222 2509 1318 2554 anno.
1359 2492 1450 2553 iuxta
1471 2489 1634 2555 calculum
1657 2509 1754 2554 aerae
1781 2489 1815 2551 in
1837 2489 1963 2554 bacun

416 2615 490 2658 ram
511 2595 677 2677 posuisse,
709 2595 784 2656 dum
814 2593 955 2675 primum
978 2613 1019 2656 ex
1039 2593 1166 2656 discor-
1221 2591 1264 2654 be
1293 2607 1467 2676 receptae,
1495 2613 1594 2677 quem
1625 2591 1703 2654 alibi
1732 2588 1961 2663 demonstrari,

422 2693 518 2756 (libus
540 2709 688 2758 veterum
708 2693 935 2778 opinionibus,
957 2716 1095 2780 quorum
1118 2707 1165 2760 te·
1221 2714 1338 2754 numus
1360 2691 1414 2756 hio
1437 2691 1581 2778 signatus
1603 2707 1654 2756 est
1674 2694 1715 2757 ab
1745 2706 1903 2756 autumno
1923 2693 1959 2757 V.

415 2796 574 2860 alimonia
604 2817 698 2880 quam
731 2797 883 2881 exiguam
914 2813 1103 2860 mereantur
1129 2798 1164 2860 ii·
1223 2785 1259 2856 C.
1284 2795 1362 2856 1005
1381 2815 1482 2877 usque
1502 2795 1542 2858 ad
1565 2811 1755 2858 autumnum
1779 2797 1872 2856 roob.
1906 2795 1960 2855 Er·

421 2897 516 2970 alam,
549 2897 610 2980 ipsi
638 2911 815 2972 araverunt,
856 2911 1015 2959 conantur
1040 2899 1164 2962 Trebo-
1222 2913 1265 2979 go
1292 2894 1320 2956 si
1344 2897 1563 2972 Aemilianus,
1595 2897 1651 2981 qui
1673 2897 1772 2960 Gallo
1795 2894 1958 2968 successit,

414 2999 507 3064 misni
524 3011 557 3058 et
582 2995 752 3057 Aemiliani
769 3015 870 3060 annos
885 3017 1021 3073 eruere,
1045 3001 1163 3064 deinde
1221 2995 1349 3079 agnitus
1373 2995 1438 3078 jem
1464 2993 1527 3059 fuit
1553 3000 1734 3082 imperator
1761 3017 1849 3059 anuo
1878 2995 1958 3070 roob,

417 3117 496 3160 oum
522 3095 639 3176 passim
657 3095 700 3155 ad
723 3115 839 3157 numos
862 3111 1060 3179 provocant,
1082 3119 1164 3182 quos
1220 3097 1334 3182 nequit
1363 3097 1452 3160 Galli
1479 3097 1654 3182 imperium
1686 3097 1823 3163 extendi
1851 3097 1885 3160 iu
1909 3117 1961 3160 su·

417 3211 532 3258 nostra
558 3207 663 3255 aetate
693 3193 964 3272 condemnamus,
1002 3219 1059 3261 eos
1082 3219 1163 3262 uero
1218 3193 1298 3260 itum
1323 3217 1413 3276 ¹0⁰7·

418 3311 573 3379 tanquam
592 3295 719 3376 spurios
735 3295 905 3378 rejiciant,
928 3319 1010 3382 quos
1025 3321 1097 3363 esse
1116 3301 1164 3363 le·
1285 3303 1525 3383 Argumentum
1542 3299 1675 3364 tertium
1696 3297 1864 3364 sufficiunt
1876 3299 1959 3361 numi

420 3397 554 3480 gitimos
574 3396 672 3458 hodie
691 3397 897 3479 agnoscimus
914 3419 1037 3466 omnes.
1078 3401 1165 3494 Qua·
1221 3399 1406 3478 Viminaeii.
1427 3403 1642 3478 Horumissi,
1665 3403 1721 3488 qui
1745 3421 1865 3462 anunm
1879 3401 1959 3464 xlv.

419 3515 460 3562 re
476 3515 540 3582 ego
558 3498 590 3558 in
608 3511 800 3581 praesente,
824 3515 857 3562 et
875 3501 1163 3584 quantumlicebit,
1221 3499 1414 3582 inscriptum
1444 3503 1583 3580 babent,
1622 3505 1740 3565 sistunt
1773 3517 1872 3586 eaput
1899 3519 1958 3566 nou

420 3611 591 3662 contracto
616 3599 765 3663 examine
790 3601 921 3664 nonnisi
945 3601 1164 3666 monumentis
1223 3602 1424 3665 Treboniani
1440 3603 1558 3680 modo,
1582 3605 1640 3666 sed
1661 3617 1695 3665 et
1716 3605 1908 3678 Aemiliani,
1930 3617 1959 3665 et

297 3739 301 3746 ·
421 3701 563 3786 publicis
591 3701 765 3786 pugnabo,
803 3723 986 3790 quanquam
1016 3719 1050 3768 et
1081 3705 1162 3767 haec
1220 3701 1399 3798 Valeriani.
1443 3706 1555 3769 Annus
1575 3705 1957 3774 lllV.Viminaoiensium

420 3805 492 3886 ipsa
519 3822 583 3864 nou
609 3823 684 3864 raro
707 3823 781 3864 eum
806 3805 841 3866 in
866 3805 997 3868 modum
1023 3805 1086 3867 sibi
1112 3803 1166 3866 ad·
1222 3805 1326 3868 currit
1355 3827 1429 3871 cum
1460 3827 1545 3870 auno
1565 3807 1606 3875 V.
1631 3808 1667 3872 C.
1695 3805 1793 3879 roob,
1825 3821 1860 3868 ut
1887 3805 1957 3868 loeo

422 3916 615 3978 versentur,
640 3913 675 3964 ut
691 3901 827 3968 difficile
837 3905 897 3982 sit,
920 3905 1022 3968 exhis
1040 3906 1165 3992 laqueis
1223 3929 1282 3967 suo
1297 3905 1404 3970 docui.
1425 3911 1477 3971 Ex
1496 3929 1563 3992 quo
1584 3923 1692 3992 patet,
1716 3909 1830 3970 saltem
1847 3927 1958 3969 exeun-

422 4005 575 4067 arsdere.
1221 4021 1254 4070 te
1270 4007 1429 4072 bocauna
1445 4009 1619 4094 imperium
1634 4009 1698 4091 jam
1713 4009 1891 4076 obtinuisse
1900 4009 1955 4072 Va-

488 4105 533 4182 li,
556 4105 611 4188 qui
627 4123 742 4168 neoem
762 4105 962 4170 Treboniuni
980 4107 1021 4170 ad
1044 4129 1162 4170 annum
1219 4109 1391 4172 leriannna.
1490 4121 1494 4130 '

422 4205 464 4270 V.
483 4207 519 4268 C.
541 4203 619 4270 teob
643 4201 809 4283 referunt,
838 4221 988 4293 tanquam
1007 4209 1162 4273 invictum
1285 4209 1384 4272 Aliud
1400 4209 1497 4274 etiam
1515 4211 1694 4275 subsidium
1716 4211 1814 4296 hujus
1837 4225 1956 4274 senten-

421 4321 651 4388 srgumentum
684 4307 842 4389 objiciunt
869 4307 986 4385 fastos,
1016 4331 1058 4372 ex
1086 4329 1166 4394 quc·
1221 4311 1286 4373 tiae
1315 4313 1443 4396 patroni
1475 4313 1537 4374 sibi
1564 4315 1758 4400 quaesivere
1789 4333 1833 4376 ex
1857 4312 1954 4374 numia

375 4431 379 4438 ·
417 4423 497 4465 rum
527 4407 669 4467 unanimi
697 4427 858 4471 consensu
893 4413 1058 4494 sequentis
1088 4411 1163 4473 anni
1221 4411 1575 4490 Gallieni,seeuntlum
1589 4437 1670 4501 qnos
1687 4415 1868 4477 tribunatus
1882 4433 1954 4473 uun·

427 4520 506 4584 soo7
536 4507 689 4568 consules
720 4525 941 4573 memorantur
971 4513 1163 4578 Valerianus
1220 4535 1315 4600 quana
1348 4515 1414 4578 suis
1445 4518 1668 4582 consulatibus
1707 4513 1953 4600 respondebant.

424 4599 559 4684 ejusque
577 4601 663 4666 lilius
681 4605 859 4672 Gallienus.
888 4615 968 4707 ‘Pro
991 4629 1098 4676 cetere
1116 4615 1164 4676 in·
1218 4617 1283 4678 nisi
1309 4615 1353 4678 ab
1382 4617 1446 4682 hoc
1478 4641 1562 4682 anno
1585 4619 1656 4701 ejus
1686 4617 1764 4680 trib.
1786 4627 1952 4701 potestates

423 4711 556 4772 statuto,
579 4715 612 4764 et
630 4709 797 4786 complura
815 4711 960 4788 priorum
990 4713 1163 4796 imperato·
1220 4719 1412 4780 numerandi
1439 4721 1565 4784 initium
1587 4717 1654 4784 liat.
1699 4725 1741 4782 Α(
1757 4717 1854 4780 fallax
1871 4711 1951 4776 istud
