4186 5492
603 569 620 596 ,
651 471 1024 618 'naxtnttnvs
1044 489 1072 565 1.

81 673 163 742 W.
184 672 847 770 Aaceepiaieeesisrerttmanaoi'.099!

169 777 206 836 Ρ.
220 776 262 836 Χ.
276 781 352 838 238.
368 776 538 836 meandum
555 777 781 854 praecedentia
794 793 850 857 qe·

156 882 302 940 'storum
317 967 321 975 Ι

173 1076 473 1148 aususausus.
489 1059 700 1161 ,queamus
717 1081 852 1145 cerma-

103 1182 161 1245 nis
188 1185 223 1244 in
247 1179 448 1242 Pannoniam
473 1200 645 1264 regressus
670 1181 755 1265 apud
783 1182 852 1244 Sir-

105 1285 213 1362 mium
228 1281 395 1358 hiemavit,
419 1294 453 1342 et
468 1283 576 1345 omnia
591 1281 632 1344 ad
645 1303 778 1346 vernam
797 1302 853 1344 ex·

106 1385 331 1470 peditionem,
364 1381 515 1465 gentibus
535 1383 570 1446 in
601 1385 853 1467 septemtriones

107 1485 230 1569 positis·
247 1482 393 1546 facturus
415 1483 558 1560 bellum,
581 1487 790 1569 comparavit,
812 1489 852 1556 V.

110 1589 150 1652 C.
178 1605 237 1672 qqt
266 1583 326 1646 sub
350 1583 435 1667 ipsas
461 1587 626 1649 Kalendas
650 1591 778 1653 Ianuar.
802 1609 854 1651 oc·

112 1687 225 1784 cqepit
253 1685 329 1748 trib.
355 1695 551 1768 potestatem
577 1691 631 1756 lv.
675 1693 776 1753 Forte
796 1690 855 1752 ini-

114 1789 163 1852 tio
188 1785 299 1849 Martii
334 1785 490 1849 Gordiani
518 1789 550 1851 in
581 1791 690 1854 Africa
718 1791 857 1876 impera·

113 1903 206 1952 tores
242 1887 397 1951 adversus
425 1889 637 1952 Maximinum
668 1894 857 1956 salutantur.

114 1989 272 2054 Afrorum
287 1987 441 2075 suffragia
463 1992 606 2075 gestiens
626 1993 749 2056 laetitia
769 2016 859 2058 sena-

114 2105 169 2156 tus
200 2091 374 2176 adprobat,
416 2104 451 2154 et
488 2094 699 2158 Maximinum
729 2097 859 2158 hostem

114 2191 250 2274 judicat.
292 2191 356 2252 Die
387 2191 517 2276 quinto,
563 2215 605 2257 ex
634 2209 703 2280 quo·
734 2211 859 2260 motum

115 2293 206 2356 bunc
222 2291 385 2356 intellexit
401 2294 617 2370 Maximinus,
645 2297 765 2360 Sirmio
785 2320 860 2360 cunt

118 2392 211 2455 omui
232 2393 380 2456 exercitu
404 2395 528 2458 ltaliam
557 2415 672 2460 versus
694 2397 861 2486 proficisci

118 2491 240 2578 incipit
265 2493 306 2575 ⁸).
349 2497 486 2559 Factum
507 2497 594 2560 istud
610 2497 743 2564 circiter
766 2501 876 2563 initio¹

116 2595 254 2678 Aprilis.
296 2597 414 2660 Paullo
441 2612 517 2682 post
542 2601 629 2664 caesi
653 2600 687 2662 in
712 2602 862 2666 Africae

118 2697 540 2779 CapellianoMauretanise
555 2716 770 2784 procuratore
781 2701 863 2763 Gor·

120 2796 221 2860 diani.
259 2799 397 2864 Senatus
421 2798 455 2863 iu
475 2821 514 2864 re
540 2801 666 2886 trepida
690 2784 861 2867 Balbinum

117 2911 155 2960 et
192 2899 376 2982 Pupienum
420 2905 585 2985 Augustos
626 2903 787 2986 appellat,
831 2917 865 2966 et

119 2999 200 3062 huic
229 2999 353 3064 bellum
376 3004 412 3065 in
437 3003 648 3066 Maximinum
682 3002 863 3068 demandat.

60 3161 71 3178 ,
121 3101 293 3164 Maximini
314 3103 397 3180 iter,
427 3103 501 3188 quia
524 3105 737 3188 improvisum
761 3119 794 3167 et
818 3103 866 3168 fe·

123 3203 297 3280 stiuatum,
329 3204 372 3266 ob
397 3225 508 3268 reram
530 3207 788 3268 necessariarum
811 3207 866 3269 de·

123 3305 249 3370 sectum
257 3325 354 3391 saepe
363 3306 550 3390 impeditur,
569 3307 754 3371 retardante
769 3308 867 3371 etiam

123 3405 263 3470 flumine
285 3407 319 3468 iu
339 3408 510 3494 Aquileiae
537 3407 672 3484 ricinis,
704 3407 793 3492 quod
818 3427 869 3470 so·

123 3507 206 3570 lutis
235 3528 339 3573 veruo
367 3523 517 3592 tempore
547 3509 678 3608 nivibus
713 3509 778 3570 late
817 3528 873 3596 reg

126 3607 308 3693 stagnabat.
339 3611 489 3672 Exeunte
504 3610 610 3693 Aprili
625 3610 798 3695 Aquileiae
813 3609 872 3671 ob·

126 3709 290 3772 sidionem
317 3711 445 3773 orditur
470 3709 682 3789 Maximinus,
704 3711 871 3794 Pupienus

127 3809 218 3894 apud
254 3814 441 3874 Ravennam
478 3811 660 3875 exercitum
694 3825 870 3895 comparat.

126 3912 230 3978 Nulla
262 3927 400 3995 propter
428 3925 707 3996 propugnatorum
732 3913 873 3996 pertinc-

127 4011 215 4076 eiam
237 4011 414 4076 deditionis
436 4031 495 4095 epe
519 4001 715 4076 Maxlminus
740 4013 779 4076 sb
800 4015 873 4075 irri-

127 4117 206 4180 satu
228 4095 386 4177 uitiatas.
409 4133 484 4177 anm
505 4109 574 4176 atto
603 4115 765 4178 occiditur
785 4113 872 4178 tone

127 4215 240 4280 medio
257 4214 357 4298 Majo.
400 4215 565 4300 Pupienus
582 4215 617 4277 iu
638 4213 754 4278 urbem
775 4215 873 4292 redit,

128 4332 165 4381 et
183 4338 259 4382 curu
279 4317 418 4401 conlega
432 4317 572 4380 Balbino
590 4338 696 4401 remp.
708 4329 874 4401 procurat.

127 4419 279 4502 Vterque
298 4433 438 4482 exeunte
461 4419 595 4482 circiter
616 4418 700 4482 lulio
716 4417 874 4493 caeditur,

130 4519 318 4584 Gordianus
340 4520 515 4604 imperium
537 4519 681 4598 orditur,
706 4518 793 4582 uude
817 4539 876 4580 nu-

1501 515 1503 520 ·
1570 478 1639 604 295'

906 671 950 735 nti
967 671 1177 737 Alexandrini
1187 673 1223 736 L.
1235 673 1271 736 A.
1292 671 1444 760 usquead
1460 679 1644 760 proximum

906 774 992 836 diem
1012 775 1128 838 xxix.
1144 776 1292 860 Augusti.

915 944 923 974 ,⁴
970 878 1022 936 En
1038 871 1248 960 probabilem
1259 877 1354 961 hujus
1372 881 1445 944 anni
1464 902 1574 946 rerum
1591 904 1648 970 ge·

908 991 1030 1040 starum
1055 976 1175 1038 seriens
1199 997 1240 1040 ex
1265 979 1387 1043 invicto
1408 1004 1582 1048 numerum
1598 975 1647 1054 'te'ss

908 1079 1079 1154 alimonio,
1107 1078 1245 1140 multum
1275 1081 1407 1164 quidem
1437 1084 1650 1154 abludentem
1760 1137 1768 1148 .

909 1181 949 1244 ab
969 1201 1026 1257 ea,
1048 1201 1131 1264 quae
1151 1180 1331 1245 seeundum
1353 1183 1584 1268 historicorum
1603 1183 1653 1254 te?

911 1283 1061 1346 stimonia
1086 1283 1288 1357 contexitur,
1311 1303 1348 1345 ac
1370 1284 1423 1348 vel
1449 1284 1524 1348 ideo
1543 1290 1651 1353 minus

910 1383 1133 1468 perturbatam
1156 1403 1193 1446 ac
1221 1383 1390 1460 fallacem,
1413 1389 1565 1470 quoniam
1592 1390 1659 1454 bo·

911 1506 985 1548 rum
1017 1484 1207 1568 quisquilias
1231 1499 1264 1548 et
1286 1485 1441 1568 pinguem
1469 1491 1652 1567 Minervam

911 1584 1137 1649 fastidivimus.
1160 1585 1250 1650 Istud
1273 1600 1419 1670 certum,
1439 1590 1561 1672 optime
1581 1611 1654 1655 eam
1683 1655 1684 1658 ,

913 1687 1090 1751 convenire
1110 1705 1184 1747 cum
1206 1705 1247 1748 eo
1271 1685 1407 1772 ordine,
1430 1709 1527 1775 quem
1550 1692 1656 1754 tenuit

912 1788 1121 1852 Herodianus
1136 1806 1276 1850 coaetus
1291 1787 1434 1872 scriptor
1446 1786 1508 1854 etsi
1521 1811 1587 1853 non
1603 1791 1657 1856 sd-

915 1888 1288 1986 curatissimus',·tstnen
1302 1909 1343 1952 ex
1358 1891 1451 1954 malis
1466 1892 1629 1977 optimus]
1689 1943 1700 1962 .

1209 2114 1365 2176 Consul

981 2293 1193 2358 Maximinum
1207 2295 1408 2378 processisse
1434 2297 1603 2361 consulem
1617 2301 1660 2368 V.

918 2397 956 2462 C.
978 2399 1056 2480 989,
1081 2397 1232 2458 nimirum
1260 2418 1300 2460 ex
1322 2411 1456 2482 recepto
1477 2415 1569 2462 more
1584 2421 1661 2484 pro-

918 2501 1015 2563 ximis
1036 2499 1195 2561 Kalendis
1223 2499 1291 2564 lau.
1323 2501 1520 2565 electionem
1546 2519 1661 2584 conse·

902 2601 1113 2686 quentibu's,
1134 2599 1224 2662 numi
1240 2625 1276 2666 ae
1295 2601 1370 2664 fasti
1383 2600 1519 2678 docent,
1543 2603 1664 2687 quibus

920 2721 1052 2786 quoque
1078 2702 1216 2764 testibus
1235 2704 1289 2766 hio
1306 2703 1368 2764 fuit
1393 2705 1579 2767 consulatus
1595 2703 1662 2786 pri·

894 2883 898 2892 ‚
921 2828 1012 2882 mus,
1034 2803 1127 2865 nullo
1144 2816 1237 2885 antea
1253 2805 1357 2866 altero
1373 2803 1449 2867 huic
1465 2818 1573 2866 terrae
1591 2801 1661 2866 lilio

922 2907 1042 2970 delato.
1066 2904 1179 2969 Serius
1194 2905 1309 2966 iterum
1328 2905 1528 2988 processisse
1546 2924 1662 2968 consu·

921 3009 1007 3084 lem,
1037 3009 1189 3090 ignorant
1221 3005 1311 3068 numi
1349 3005 1508 3090 factiquet
1529 3025 1663 3067 aarum

922 3107 974 3170 his
996 3109 1069 3192 plus
1094 3107 1174 3170 vidit
1192 3107 1430 3170 oculatissimus
1451 3107 1664 3192 Capitolinus,

923 3231 988 3294 quo
1001 3223 1085 3270 teste
1105 3210 1151 3272 sie
1173 3231 1190 3272 a
1208 3222 1321 3272 senatu
1341 3209 1489 3292 Pupieno
1507 3223 1540 3271 et
1554 3207 1665 3270 Balbi·

924 3331 967 3372 no
991 3309 1053 3372 fuit
1072 3309 1306 3372 adclamatum:
1329 3321 1529 3390 praesentem
1547 3328 1666 3371 cuntem

926 3412 984 3490 (V.
1006 3411 1041 3473 C.
1063 3411 1151 3491 qus.)
1175 3414 1319 3473 consulet
1340 3414 1547 3484 retornetis,
1570 3414 1605 3471 in
1622 3413 1668 3472 lo·

925 3533 997 3575 cum
1006 3514 1181 3572 Maximini
1196 3515 1379 3573 Gordianus
1387 3501 1576 3590 sufficiatur.
1593 3512 1668 3572 Non
1699 3585 1701 3592 y

926 3624 1040 3685 vacat,
1061 3609 1146 3672 hanc
1164 3610 1388 3694 quaestionem
1415 3609 1547 3692 longius
1570 3609 1670 3692 agita·

927 3732 982 3788 re,
1014 3731 1111 3795 quarn
1148 3707 1276 3772 abunde
1312 3706 1467 3770 decidunt
1496 3707 1567 3790 ejus
1595 3699 1675 3772 anni

927 3811 1039 3885 numi,
1067 3831 1149 3895 quos
1171 3809 1354 3886 attulimus,
1376 3811 1410 3872 iu
1439 3809 1555 3894 quibus
1578 3827 1671 3893 prae·

929 3929 982 3977 ter
997 3911 1072 3974 trib.
1087 3925 1281 3995 potestatem
1291 3911 1347 3976 lV.
1360 3909 1482 3994 legitur
1492 3911 1585 3974 COS.
1596 3910 1672 3972 sim·

930 4015 1018 4098 plex.
1057 4012 1119 4074 His
1144 4014 1172 4074 si
1190 4011 1287 4075 fidem
1310 4011 1475 4074 habuisset
1493 4011 1672 4072 Tillemon·

931 4115 1014 4194 tius,
1037 4133 1172 4176 necesse
1191 4133 1258 4175 non
1280 4113 1415 4186 fuisset,
1438 4111 1525 4172 hunc
1543 4111 1673 4195 Capito·
1715 4151 1716 4156 κ

931 4213 991 4296 lini
1009 4214 1137 4289 locum,
1159 4227 1196 4276 ut
1217 4213 1328 4296 inepte
1344 4213 1547 4296 prepositum
1570 4225 1604 4274 et
1619 4213 1674 4275 ah·

931 4315 1086 4390 surdum,
1108 4314 1153 4376 ita
1171 4326 1283 4396 suapte
1303 4313 1511 4388 mendacem,
1534 4309 1676 4396 explica·

931 4417 1023 4480 tione
1041 4414 1170 4478 mollire
1185 4412 1230 4496 h).
1252 4417 1375 4477 Names
1384 4413 1552 4476 Maximini
1561 4411 1675 4476 iuscri-

931 4531 1006 4603 ptos
1023 4517 1118 4581 COS.
1138 4517 1178 4576 11.
1203 4515 1323 4578 sinceri
1348 4515 1488 4598 catalogi
1510 4515 1675 4599 ignorant.

135 4661 1670 4690 m

166 4752 197 4822 a)
216 4739 380 4810 Herodian.
469 4748 504 4823 b)
524 4747 607 4848 Nota·
620 4747 658 4808 V.
677 4747 709 4806 iu
727 4743 877 4806 Maximis.
