4186 5492
614 478 620 492 ·
698 439 1017 517 paraseeve
1051 442 1080 516 1.
1593 464 1666 550 aaa

185 631 419 702 mediobarbus
434 629 538 705 illud,
560 627 648 714 qnod
664 624 870 691 mulierdex-
927 646 1044 690 conum
1071 625 1171 690 bostis
1199 641 1381 712 optatorum
1407 633 1535 722 saepius
1558 639 1676 702 menti.

119 759 193 808 tera
223 733 428 824 praegestat',
467 732 530 815 jam
563 731 775 814 delphinum,
803 725 867 810 jam
926 729 974 790 nit
1001 728 1211 806 Ammianus,
1254 747 1287 793 et
1306 730 1473 797 dracones
1503 737 1537 798 iu
1563 737 1675 825 inepta

120 844 350 930 capricornum
368 835 457 898 dicit.
492 835 618 902 Verum
637 831 738 895 cauda
756 829 869 892 oblon·
927 831 1070 898 Gallieni
1088 844 1207 912 pompa
1222 831 1307 896 inter
1324 835 1414 918 signa
1428 839 1580 914 militaria
1597 829 1692 926 pso:

122 967 166 1028 gs
195 957 228 1006 et
253 941 399 1013 sinuato,
428 951 503 1020 tum,
526 949 622 1020 capot
646 943 869 1018 praeacutum,
927 935 1065 998 cessisse
1079 931 1183 994 refert
1195 934 1383 1000 Trebellius
1400 939 1439 1020 ο).
1461 942 1567 1020 Vide,
1591 959 1675 1029 quas

120 1045 212 1131 quod
241 1056 417 1123 utrumque
452 1039 486 1098 in
516 1037 624 1099 nuruis
664 1032 869 1097 nitidissimis
926 1037 1021 1120 plura
1040 1035 1081 1097 de
1101 1034 1152 1098 his
1177 1035 1360 1100 testimonia
1385 1043 1482 1104 etiam
1509 1064 1550 1106 ex
1567 1044 1676 1128 poetis

119 1144 228 1210 musei
251 1139 403 1206 Caesarei
425 1137 594 1220 luculente
616 1150 770 1222 apparet,
800 1155 870 1197 cer·
926 1131 1094 1220 ¹congessit
1110 1136 1258 1199 eruditus
1274 1139 1527 1229 leBeauGallluo
1545 1143 1588 1226 d).
1611 1147 1678 1222 Dae

121 1248 286 1311 tissimum
304 1243 485 1306 draconem
509 1239 651 1314 faciunt,
682 1252 778 1322 atque
798 1235 868 1318 ejus
928 1239 975 1304 eis
991 1240 1088 1300 etiam
1108 1239 1285 1302 aePsrthis
1302 1247 1406 1308 multo
1422 1261 1496 1310 ante
1516 1247 1684 1312 dracones,

122 1349 274 1422 formae,
295 1367 357 1430 qua
382 1342 522 1426 insignia
548 1339 700 1436 militaris
726 1337 869 1424 praefixa
928 1341 1030 1403 fuisse
1057 1361 1119 1424 pro
1152 1341 1334 1424 insignibus
1368 1349 1533 1430 praefixos
1565 1349 1677 1426 bestie,
1729 1345 1733 1348 ’

124 1450 364 1534 conspicimus,
388 1443 430 1504 de
453 1443 571 1528 quibas
586 1441 696 1530 infra,
720 1441 783 1506 hoc
804 1459 870 1502 uno
928 1455 1017 1526 patet
1036 1464 1108 1506 cum
1126 1462 1167 1504 ex
1183 1443 1333 1509 columna
1355 1451 1504 1530 l'rojani,
1527 1465 1595 1514 tom
1613 1450 1681 1514 Lu-

98 1615 103 1620 .
123 1549 334 1625 discrimine,
358 1546 447 1634 quod
465 1545 563 1607 draco
580 1565 754 1606 numerum
775 1542 870 1604 binos
929 1545 1022 1607 cisne
1040 1544 1079 1622 ε).
1103 1547 1195 1629 Ergo
1214 1543 1315 1607 draco
1333 1547 1366 1609 in
1379 1565 1559 1633 ,praesente
1577 1572 1679 1652 numo

123 1653 229 1738 pedes
252 1649 454 1735 praetendit,
478 1633 596 1732 quibus
623 1657 735 1710 curent
758 1642 873 1704 druco·
929 1646 1111 1710 amuliere
1142 1659 1368 1730 praegestatus
1397 1651 1544 1716 indicare
1576 1653 1675 1716 facile

122 1773 184 1815 nes
206 1753 240 1814 iu
266 1751 367 1834 signis
395 1748 604 1811 militaribus.
647 1749 691 1808 At
720 1743 870 1807 novimus
928 1761 1037 1832 potest
1067 1752 1333 1833 tranquillitatem
1357 1771 1374 1810 a
1403 1753 1590 1816 cohortium
1612 1739 1690 1817 6ᾶᾶ

123 1851 372 1916 immoderatam
398 1865 547 1914 reterum
577 1843 738 1911 artificum
761 1847 794 1908 in
815 1845 872 1907 fin·
929 1872 966 1914 ac
991 1851 1112 1914 virtute
1143 1851 1283 1934 imperio
1308 1854 1508 1934 praestitam.
1550 1853 1679 1918 Eadem
1806 1859 1809 1866 '

127 1953 245 2040 geudis
267 1953 460 2016 animalibus
483 1951 668 2025 licentiam,
692 1969 765 2011 cum
790 1947 872 2011 haec
930 1973 1046 2016 aversa
1068 1966 1118 2014 est
1138 1951 1234 2014 etiam
1253 1953 1288 2012 in
1311 1973 1411 2016 numo
1434 1954 1602 2020 rarissimo
1619 1959 1681 2022 Ts-

125 2070 218 2120 extra
254 2041 402 2140 naturam
433 2054 580 2138 quaesita
614 2047 720 2112 luere.
765 2052 812 2112 lta
840 2063 872 2112 et
931 2055 987 2119 citi
1003 2052 1121 2118 eodem
1135 2051 1223 2116 haud
1239 2051 1337 2115 dubie
1354 2072 1462 2117 sensu.

125 2157 287 2222 dracones
312 2158 414 2243 alatos
437 2156 555 2216 sistunt
579 2153 670 2214 numi
694 2151 872 2226 Eleusinis,

125 2274 161 2324 et
186 2259 304 2344 passim
328 2260 352 2320 ii
379 2257 454 2320 alati
480 2268 573 2330 sunt,
597 2252 653 2338 qui
668 2253 799 2343 Cereris
820 2265 874 2315 aut
1073 2261 1354 2340 Numpwmapp,
1369 2280 1545 2359 pawn-„2
1599 2309 1607 2317 .

125 2360 329 2444 Triptolemi
349 2377 482 2426 currum
502 2357 667 2420 subivere.
691 2359 816 2418 Tamen
838 2366 872 2416 et
999 2402 1007 2424 ,

128 2461 306 2524 draconem
330 2460 484 2546 bipedem
508 2457 607 2524 video
631 2459 664 2518 in
687 2457 797 2520 tabula
820 2475 873 2518 ae·
997 2459 1097 2524 Obvii
1121 2459 1218 2545 hujus
1236 2451 1368 2544 generis
1383 2461 1475 2522 numi
1493 2475 1557 2524 tam
1577 2459 1609 2522 in
1625 2483 1681 2524 nr·

125 2581 188 2626 nea
217 2576 332 2625 retere
360 2547 483 2646 legioni
505 2563 545 2625 11.
561 2563 644 2643 Aug.
672 2559 872 2635 adstitutum,
930 2564 1027 2626 bibus
1052 2562 1203 2634 Graecis,
1242 2580 1337 2642 quam
1376 2563 1515 2626 coloniis
1546 2562 1677 2650 signati,

127 2663 439 2748 etsihuncquoque
458 2661 874 2724 Buoaarrotiuscommen·
931 2663 1013 2727 nihil
1031 2676 1139 2727 tamen
1157 2660 1316 2746 privatim
1328 2661 1369 2724 de
1391 2663 1431 2725 iis
1447 2662 1577 2728 ridetur
1592 2683 1681 2728 com·
1775 2701 1784 2722 κ
1916 2665 1924 2674 “

125 2780 213 2831 tator
238 2766 466 2850 capricornum
493 2761 579 2824 dieat
603 2765 642 2842 ι).
686 2762 874 2824 Praesentis
931 2765 1192 2831 memorandum.

125 2864 343 2936 nomidraco
376 2865 525 2947 aenigma
556 2863 675 2942 offert,
707 2863 795 2948 quod
826 2863 873 2926 sic

126 2967 287 3051 expedire
315 2981 417 3030 tento.
460 2966 579 3030 Fuisse
601 2966 763 3046 dracones
788 2961 876 3048 apud
922 2963 925 2966 ’
1051 2981 1556 3069 0321„70,·000,pa„·,11p,p;p7„3

126 3069 295 3131 Romanos
330 3069 470 3152 insignia
507 3067 712 3145 cohortium,
750 3066 874 3129 diserte
1125 3069 1128 3076 '

126 3169 244 3248 docet,
265 3171 425 3254 vegetius
440 3167 493 3251 a),
520 3172 659 3232 Primum
683 3173 808 3251 siparum
829 3179 875 3232 to·
1071 3169 1593 3240 PHILIPPVS.F1VS.AVGG.
1615 3177 1682 3248 (sic
1756 3223 1762 3238 .

126 3278 194 3336 tius
216 3276 354 3354 lapionia
373 3283 423 3334 est
443 3275 573 3354 equile,
596 3292 693 3355 quens
718 3271 873 3354 aquilifer
1021 3315 1027 3320 -
1072 3277 1208 3350 amnia).
1233 3275 1334 3352 Captet
1349 3277 1503 3336 muliebre
1514 3277 1681 3354 paleamne

122 3384 244 3454 portat.
276 3357 437 3436 Dracones
459 3377 632 3452 etiemper
655 3373 801 3452 aiaspasles
823 3391 873 3450 cof
1075 3377 1213 3438 alatum.
1393 3425 1398 3432 .
1718 3456 1721 3461 Ι
1757 3413 1772 3456 ·.

125 3479 268 3539 larteso
283 3477 694 3555 draconariisserasrturad
702 3477 874 3552 praelitam.
932 3475 1284 3564 ENT'I'LOICKCSS.
1305 3476 1400 3536 Miles
1408 3479 1536 3538 started.
1544 3479 1681 3550 kastam,
1764 3501 1776 3551 '‚

126 3577 196 3640 Eos
224 3575 328 3639 fuisse
359 3575 501 3664 intextos
529 3573 682 3650 vexillis,
719 3572 875 3638 discimus
933 3597 960 3638 s.
985 3577 1125 3658 plebum.
1153 3577 1222 3646 AV.
1244 3572 1338 3648 bini,
1360 3593 1500 3656 quorum
1522 3597 1605 3636 unus
1627 3573 1683 3653 td·
1794 3648 1796 3654 s
1870 3665 1873 3678 Ι

129 3695 172 3740 ex
189 3677 361 3740 Ammiano
379 3677 549 3740 solennem
566 3674 748 3739 Constantii
770 3674 804 3736 in
822 3695 877 3736 ur·
933 3673 1048 3760 pendit
1066 3695 1184 3760 aureos
1204 3687 1368 3738 nostrates
1387 3687 1455 3736 tres
1473 3696 1546 3738 cum
1571 3675 1683 3758 aliquo

125 3780 205 3842 bena
221 3777 646 3863 ingressumdescaibentea
669 3779 877 3856 aliospurpta·
934 3795 1090 3852 excessu,
1128 3777 1213 3840 alter
1239 3773 1398 3854 nonnihil,
1418 3775 1535 3838 levior.
1580 3775 1682 3852 (Mus.

126 3885 194 3944 aeis
210 3883 460 3962 aabtepmieibus
473 3883 555 3942 tecti
562 3881 795 3942 circumdedere
804 3879 877 3938 daa-
935 3875 1043 3960 Caes.)
1065 3877 1159 3940 Alios
1182 3897 1273 3962 grau.
1296 3877 1368 3956 aab.
1399 3875 1573 3958 (Pellerin.
1599 3869 1682 3938 idel.

128 4003 238 4057 sones,
260 3983 425 4044 lustenam
434 3981 780 4063 eureispemeaatispue
793 3997 877 4040 aum·
933 3981 957 4046 l.
973 4001 1005 4065 p.
1028 3975 1114 4060 aba.)
1135 3977 1342 4062 Aliosgran.
1363 3975 1432 4040 rba.
1449 3976 1565 4062 (ibid.)
1588 3976 1684 4039 Alius

112 4086 298 4162 tentandus
312 4085 453 4164 s‘lla‘peti,
474 4086 565 4145 triete
584 4089 675 4143 cesto
687 4081 829 4160 fictiles„
846 4089 880 4142 et
916 4081 1122 4168 .gran.15o.
1160 4083 1263 4165 (ttae.
1285 4077 1366 4144 olim
1388 4075 1430 4142 de
1451 4079 1580 4144 Franco
1601 4078 1683 4159 ¹Vin·

128 4187 203 4248 ideo
212 4187 301 4246 celest
313 4187 488 4272 imperasti
497 4185 673 4262 sibilantes,
688 4185 878 4245 amalorum·
933 4181 1028 4266 doh.)

128 4305 190 4369 que
200 4288 586 4371 salamantinensem
596 4288 780 4350 memsam.
795 4283 900 4346 Dae·
935 4270 939 4279 ’
990 4287 1145 4350 Aureum
1180 4279 1356 4355 lamborum
1394 4278 1512 4345 similis
1546 4239 1684 4346 osterse
1789 4337 1792 4343 .

133 4679 259 4746 mv.
279 4705 311 4761 p.
329 4697 394 4753 302.
469 4689 499 4761 e)
519 4683 557 4747 de
576 4684 720 4746 conscrib.
739 4682 810 4746 hist.

229 4781 320 4864 (Vei.
346 4781 435 4866 711.)
1174 4813 1175 4818 κ
1422 4781 1482 4858 'l't

169 4598 201 4668 a)
221 4594 340 4655 ossas.
356 4594 437 4659 mss.
453 4618 484 4678 p.
504 4559 597 4658 xvtt.
671 4595 706 4668 a)
723 4594 756 4653 u.
773 4595 809 4655 11.
823 4569 850 4654 's
870 4549 919 4662 aa
994 4597 1024 4670 ι)
1045 4595 1076 4655 tn
1092 4592 1268 4679 camenae.
1285 4603 1312 4658 a.
1387 4591 1424 4670 a)
1443 4591 1528 4650 uem.
1544 4589 1576 4649 a.
1592 4588 1625 4652 t.
1645 4589 1681 4670 r,
1789 4575 1795 4582 ’
1856 4589 1862 4596 ·
