4264 5516
388 572 393 580 .
423 512 493 591 oo
790 501 838 574 M.
891 490 1193 574 AVRELIVS
1244 487 1608 568 ANTONI'NVS

382 713 387 720 ·
428 713 555 772 morum
577 709 656 774 prae
685 707 719 750 aa
744 685 819 748 tulit
843 683 1058 768 singularem,
1083 697 1170 744 amo-
1226 675 1418 760 aequatae).
1443 669 1706 756 Nequeverois,
1725 655 1986 750 quitranquillis

426 816 496 860 rem
514 811 594 856 reso
610 813 628 852 a
647 809 750 872 puero
761 787 802 850 ad
812 807 925 848 severa
942 783 1168 870 philosophiae
1225 776 1453 862 philosophiae
1481 773 1596 836 studiis
1624 768 1774 852 apprime
1794 756 1988 824 delectaba-

425 893 531 975 studia
546 889 791 965 incredibilem,
815 889 861 950 sic
877 899 912 948 ut
927 885 1100 948 duodecim
1116 903 1169 946 an
1225 893 1298 952 tur,
1327 897 1392 939 non
1423 873 1588 939 etiamad
1623 891 1678 932 res
1711 863 1878 951 agendas,
1912 859 1985 920 sire

425 1015 484 1058 nos
521 1007 614 1054 natus
651 989 840 1074 philosophi
876 989 1020 1052 habitum
1063 985 1169 1068 palam
1226 980 1333 1064 pacis,
1364 977 1433 1040 sive
1461 974 1541 1038 belli
1570 971 1704 1055 negotia
1729 979 1884 1052 spectes,
1919 962 1986 1020 sin-

426 1096 631 1168 adsumcret,
669 1105 702 1154 et
740 1090 961 1174 deinceps.in
1003 1085 1170 1149 tradendis
1228 1081 1375 1163 gularem
1396 1074 1742 1144 attulitalaoritatem,
1766 1059 1985 1150 atqueanimi

427 1217 556 1260 morum
580 1192 782 1276 praeceptis,
819 1211 901 1274 quae
927 1191 997 1272 ipse
1021 1187 1169 1272 pluribus
1227 1183 1329 1244 robur
1366 1176 1585 1250 indefessum,
1623 1189 1658 1235 et
1694 1173 1758 1234 suit
1794 1159 1986 1230 communis

428 1298 522 1361 libris
538 1294 701 1377 hodieque
729 1290 957 1376 superstitibus
980 1291 1170 1374 compiexus
1226 1281 1424 1366 praeteritae
1453 1278 1567 1341 aetatis
1592 1293 1729 1348 sensus,
1771 1268 1836 1330 nisi
1859 1265 1903 1326 ad
1926 1264 1987 1324 illa

428 1413 496 1472 est,
519 1411 587 1459 tum
611 1413 710 1468 vero,
739 1393 827 1476 quod
848 1391 985 1476 amplius
1009 1401 1077 1462 cst,
1106 1387 1171 1448 vita
1228 1397 1376 1466 tempora
1392 1393 1580 1443 reservatus
1599 1369 1898 1440 fuissetAurelius‚
1913 1363 1990 1448 qui-

428 1497 608 1562 secundum
626 1516 663 1558 ea
682 1493 883 1556 sanctissime
898 1485 1094 1552 instituenda
1104 1506 1172 1548 om·
1228 1485 1289 1547 bus
1302 1505 1396 1547 saera
1412 1484 1505 1556 lues,
1528 1479 1617 1542 bolla
1635 1473 1798 1546 maximis,
1823 1487 1912 1554 quae
1931 1487 1990 1525 un-

385 1591 390 1598 ’
425 1603 478 1662 ιιὶι
505 1597 619 1662 aetatis
642 1593 818 1677 sapientiae
846 1591 1018 1674 magistros
1036 1607 1172 1670 supera·
1229 1607 1323 1672 quam
1349 1585 1462 1659 fuere,
1485 1575 1748 1666 aequiparanda,
1772 1571 1901 1640 fames,
1928 1581 1995 1628 ter·

428 1715 499 1775 ret,
531 1699 637 1760 dictus
665 1691 841 1778 propterea
870 1713 887 1754 a
918 1689 1093 1752 Iustiniana
1124 1697 1172 1765 φι-
1229 1709 1285 1750 rac
1310 1700 1416 1748 motus
1433 1704 1495 1768 per
1511 1681 1684 1756 Asiam,
1675 1671 1911 1737 inundationes
1929 1665 1992 1729 llu-

424 1807 658 1877 λισοφωτιιτις,
682 1794 716 1856 id
733 1807 801 1854 ests
825 1793 876 1872 (ut
895 1813 968 1856 cam
987 1804 1099 1852 vetere
1124 1790 1171 1850 in·
1230 1790 1371 1863 minum,
1392 1785 1521 1867 aliaque
1549 1781 1656 1843 omnis
1676 1774 1813 1861 generis
1837 1767 1968 1833 mala
1956 1789 1992 1828 ιιι

428 1912 575 1984 terprete
594 1897 725 1978 loquar)
740 1881 1034 1973 philosophamus
1051 1889 1105 1970 ·),Ι
1119 1911 1173 1954 cu·
1230 1889 1360 1973 imperii
1377 1885 1559 1972 perniciem
1579 1879 1812 1962 conjuravere,
1836 1893 1911 1936 rein
1926 1873 1995 1931 lio·

353 2011 358 2021 “
429 2004 481 2085 jus
516 1996 757 2068 testimonium,
787 2005 822 2054 ut
841 1995 901 2054 alia
929 1993 1080 2058 abessent
1105 2013 1174 2056 om·
1230 2011 1357 2051 manum
1380 1989 1471 2052 velut
1497 2005 1563 2047 uno
1584 1983 1679 2064 lapsu
1705 1979 1811 2041 fuisse
1837 1972 1995 2036 interitu·

429 2097 810 2180 nia,looupletissimum
829 2095 1012 2176 suppeditat
1024 2095 1173 2177 epistola,
1231 2115 1310 2154 ram.
1334 2089 1533 2185 Quaebella
1552 2099 1710 2158 externa,
1734 2095 1768 2144 et
1793 2089 1920 2162 quanta
1946 2073 1997 2134 ie·

429 2222 528 2288 quam
557 2198 598 2260 ad
623 2197 757 2258 fratrem
786 2197 911 2262 Verum
939 2197 970 2256 in
1003 2195 1173 2258 Orientem
1231 2195 1373 2270 licitate,
1396 2205 1429 2254 et
1451 2187 1592 2252 Romani
1614 2183 1759 2246 nominis
1786 2178 1898 2265 gloria
1923 2193 2000 2258 ges·

429 2299 564 2384 scripsit
589 2297 858 2379 consecravitque
884 2297 1052 2362 Vulcatius
1076 2296 1175 2358 Galli·
1232 2297 1329 2371 serit,
1370 2295 1404 2354 in
1430 2289 1600 2353 annalibus
1627 2283 1854 2369 exposuimus.
1900 2275 1996 2338 Idem

431 2423 530 2468 canus
545 2395 596 2479 1ι),
612 2397 723 2480 paucis
738 2396 847 2460 verbis
862 2397 1065 2478 complexam
1082 2415 1178 2458 seve¹
1215 2377 1376 2458 'liberalis
1397 2391 1551 2477 publice,
1577 2387 1668 2450 domi
1686 2405 1765 2448 suae
1779 2401 1927 2468 parcus,
1951 2387 2000 2436 at·

430 2502 580 2564 rissimae
614 2497 742 2560 virtutis
773 2510 947 2580 praecepta
976 2499 1099 2574 omnia,
1141 2511 1174 2560 et
1231 2518 1294 2582 que
1326 2517 1369 2557 ne
1407 2493 1607 2555 tributorum
1650 2505 1754 2549 onere
1795 2479 1999 2566 provinciae

426 2623 491 2684 qua
527 2599 674 2682 perlecta
715 2595 872 2658 fatebitur
909 2599 1071 2681 quisque,
1108 2619 1174 2660 non
1231 2599 1516 2682 opprimerentur,
1546 2591 1727 2678 providus,
1761 2583 1880 2661 quiin
1911 2579 1999 2642 belli

434 2696 1174 2782 aliasmagistrsephilosophiaealumnumob·
1229 2697 1462 2762 Marcomaniei
1494 2706 1663 2780 sumptus,
1693 2701 1730 2750 ut
1754 2684 1889 2748 civibus
1923 2702 1997 2764 par·

428 2801 674 2892 sequentiorem
692 2797 727 2858 in
746 2797 949 2882 disciplinam
962 2799 1063 2861 luisse
1077 2801 1175 2862 tradi·
1231 2815 1340 2877 cereo,
1377 2799 1446 2882 ipsa
1471 2794 1582 2879 palatii
1617 2801 1833 2860 ornamenta,
1874 2781 2003 2866 pocula

427 2918 507 2966 tum.
551 2903 598 2962 Aa
628 2898 717 2983 quod
745 2899 886 2960 maxime
915 2903 1063 2962 Marcum
1094 2921 1172 2964 vete
1231 2924 1346 2972 aurea,
1387 2895 1596 2978 crystallina,
1640 2888 1833 2962 murrhina,
1869 2895 2044 2948 vestam-

427 3001 658 3084 philoaophum
677 2999 885 3081 comprobat,
904 2999 1056 3074 illudeet,
1074 3001 1172 3084 quod
1232 3003 1377 3065 atxoriam
1396 2999 1554 3070 sericam,
1575 3011 1726 3078 gemmas
1742 2985 1912 3050 vendidit
1960 2985 2004 3044 Αῑ

430 3123 505 3168 cum
531 3101 679 3162 Stoicum
701 3099 759 3159 ille
781 3099 962 3160 institutum
989 3120 1053 3162 ιιοιι
1075 3102 1173 3164 modo
1233 3103 1321 3166 nulla
1339 3101 1401 3164 alia
1422 3100 1544 3164 virtute
1571 3093 1697 3176 magis,
1720 3077 1847 3174 quiam
1839 3088 2007 3150 clemen·

431 3199 662 3282 profiteretur,
685 3196 743 3258 sed
757 3210 792 3260 et
806 3199 950 3260 numeris
960 3199 1126 3260 omnibus
1118 3223 1177 3262 ιιιι
1232 3207 1286 3279 tia,
1309 3216 1405 3288 atque
1418 3201 1518 3264 anima
1507 3196 1670 3259 lenitate
1689 3191 1918 3276 gloriabatur,
1938 3205 2006 3270 qua

430 3299 550 3380 ploret,
568 3298 639 3380 ipse
657 3298 801 3359 diuersas
817 3291 1096 3381 sectasprolessos
1111 3322 1176 3361 ιιοιι
1231 3327 1296 3366 ιιοιι
1322 3304 1426 3364 modo
1450 3295 1701 3370 suorumvitia,
1726 3306 1762 3355 et
1786 3292 1900 3352 illatas
1933 3285 2001 3348 sibi

434 3399 534 3460 niodo
556 3398 716 3480 patienter
733 3398 846 3470 ferret,
867 3397 928 3458 sed
944 3400 1175 3475 eodemetiam,
1233 3403 1366 3486 injurias
1384 3403 1476 3464 nullo
1492 3419 1640 3486 ροειιιιι,
1665 3410 1721 3460 aut
1740 3393 1914 3456 vindictae
1937 3403 2009 3451 stu·

432 3516 498 3579 quo
527 3517 634 3571 suam,
658 3499 732 3560 loco
751 3511 879 3580 putaret
895 3512 927 3560 et
948 3516 1080 3563 ornaret
1098 3523 1176 3584 quo·
1234 3502 1287 3566 dio
1302 3504 1455 3586 pertulit,
1472 3522 1590 3564 verum
1607 3512 1643 3561 et
1664 3497 1817 3559 externis
1832 3491 2007 3562 hostibus,

430 3617 515 3682 que,
555 3616 629 3656 cum
656 3598 711 3659 alii
743 3600 841 3680 vulgo
869 3598 966 3660 aliter
998 3601 1174 3662 sentientes
1231 3620 1329 3688 atque
1353 3605 1393 3665 iis
1426 3621 1576 3688 quoque,
1611 3599 1728 3684 quiin
1757 3609 1862 3680 eaput
1890 3614 2006 3665 suum,

429 3703 512 3764 odiis
530 3715 563 3763 et
592 3699 690 3762 bellis
706 3695 872 3770 ιὶσιιοιδοις
889 3715 1174 3783 persequerentur·
1232 3727 1270 3768 ac
1285 3705 1475 3788 sauguinem
1497 3700 1737 3782 conjuravere,
1770 3696 1876 3760 facile
1893 3693 2011 3754 indul·

428 3803 560 3864 Etenim
587 3801 664 3874 ille,
687 3813 722 3860 ιιι
743 3799 918 3882 sapientiae
940 3801 1082 3862 studium
1101 3821 1175 3883 pro·
1232 3807 1284 3868 sit,
1327 3811 1369 3866 Aa
1391 3803 1478 3866 enim
1503 3815 1573 3864 tum
1592 3820 1728 3884 quoque
1742 3798 1874 3881 patuit,
1899 3797 2012 3858 virtu·

428 3916 596 3978 moveret,
630 3901 767 3991 singulis
790 3899 1060 3983 philosophorum
1078 3922 1174 3982 gene·
1232 3920 1297 3967 aem
1315 3906 1436 3988 ipsam,
1461 3924 1535 3966 cum
1553 3901 1653 3962 nimis
1681 3899 1821 3981 evagari
1841 3899 2009 3981 patimur,

370 4075 372 4078 Ι
428 4001 535 4076 ribos,
573 4022 640 4063 non
679 4000 777 4070 modo
807 3999 946 4073 Stoicis,
986 4001 1188 4074 Platonicis,.
1231 4007 1264 4066 in
1288 4005 1523 4089 opprobrium,
1542 4019 1697 4082 acsaepe
1718 4000 1915 4082 perniciem
1932 4017 2013 4060 ver-

383 4197 388 4208 .
430 4101 675 4181 Peripateticis,
715 4095 789 4173 sed,
819 4096 908 4181 quod
930 4099 1066 4173 mirere,
1098 4101 1175 4182 Epi·
1231 4120 1312 4168 tere.
1353 4103 1545 4186 Namquod
1562 4103 1748 4168 L.'Verum
1774 4099 1916 4184 pridem
1945 4119 2013 4182 per

382 4215 387 4222 ·
432 4200 539 4309 eureis
562 4219 711 4282 quoque,
735 4198 886 4260 salarium
907 4197 1056 4280 locuples
1075 4201 1173 4262 Athe·
1233 4205 1411 4268 domestica
1443 4201 1569 4286 flagitia
1595 4203 1789 4286 cognitum,
1826 4215 1934 4285 atque
1967 4219 2013 4261 ea

431 4317 482 4406 {¹¹⁸
515 4298 698 4386 09n⁸lit⁰its
736 4297 798 4371 ilsss
828 4311 863 4358 ul
889 4297 1082 4380 unicuique,
1116 4301 1172 4382 qui
1233 4319 1368 4387 propter
1392 4304 1432 4366 ab
1449 4305 1619 4366 Antonino
1644 4305 1708 4364 Pio
1732 4287 1931 4385 despicatui
1954 4301 2018 4362 ha·

430 4405 630 4471 Juventutem
666 4393 820 4466 doceret,
867 4397 1046 4498 praemium
1086 4415 1172 4462 esset
1229 4403 1352 4480 bitum,
1377 4425 1442 4466 non
1462 4403 1561 4465 modo
1582 4401 1727 4486 cogente
1757 4403 1920 4478 nemine,
1952 4401 2018 4462 sed

490 4635 612 4706 a)Cod.
633 4637 714 4693 LV
731 4637 773 4702 tit,
791 4651 831 4701 17
849 4641 922 4708 §1²
1004 4641 1066 4712 b)'
1059 4662 1089 4695 ιιι
1106 4643 1164 4700 arta
1179 4647 1278 4704 Avtdn
1293 4651 1373 4706 Cass
1451 4651 1481 4721 c)
1503 4648 1655 4706 tissima!
1646 4669 1677 4704 ιιι
1694 4647 1868 4706 Eunucho.
1909 4644 2021 4704 Philo·

438 4721 626 4782 stratusVita
643 4723 733 4800 Soph.
749 4725 778 4780 L.
797 4726 832 4782 11.
857 4728 912 4796 Μ
938 4728 1001 4785 Dio.
1020 4729 1050 4784 L.
1069 4727 1169 4789 Lxxl.
1188 4737 1210 4807 p
1232 4747 1275 4800 31
1784 4780 1787 4788 .
