4178 5486
207 453 212 460 ⁶
293 494 297 502 '
411 539 483 610 ³40
665 569 669 582 .
1002 491 1384 580 sronsmnvs

414 700 577 788 exemplis
604 689 851 764 obviisDIVO.
874 689 1016 757 1²10-
1036 683 1159 759 mvo.
1216 701 1296 768 prae
1311 679 1410 744 terris
1425 673 1779 772 reliquissreqngntius
1793 679 1965 763 κρούω.
2077 669 2078 728 i

410 805 537 882 VERQ
563 835 609 850 -
629 793 1031 866 D1v0.1t1AGNO.ctc.
1074 788 1161 852 ludi·
1218 798 1291 860 tur,
1324 802 1439 845 eorum
1471 799 1552 858 reto
1581 777 1699 841 modus
1728 794 1876 864 spectata
1897 795 1964 844 tam

412 909 502 975 cium
518 901 607 970 istud
621 901 723 966 sinon
733 901 830 984 plane
840 911 986 974 certum,
1009 909 1159 978 magnam
1215 888 1361 968 fabrice,
1392 906 1489 972 quam
1518 887 1689 950 literarum
1727 883 1836 946 forma
1870 901 1965 968 prae·

411 1025 523 1076 tanuen
539 1005 639 1071 habet
661 1001 731 1067 rori
756 999 919 1084 speciem
942 987 1036 1074 nim,
1059 1007 1095 1058 ut
1113 991 1161 1054 di·
1210 993 1308 1060 'clara
1330 987 1497 1076 conspirat
1524 1007 1600 1052 cum
1628 985 1736 1051 numia
1757 982 1905 1070 Philippi
1925 1004 1962 1050 as

412 1111 542 1190 ximus,
562 1103 729 1176 Pacaticni
744 1100 836 1164 numi
853 1099 887 1164 in
911 1111 1025 1165 nostro
1052 1109 1160 1162 tractu
1216 1093 1325 1161 Decii.

1052 1412 1307 1477 rocwic.

613 1613 775 1700 Argentei
793 1623 868 1674 suut
886 1621 1010 1682 tantum
1026 1605 1329 1696 Latiueinscripti,
1351 1619 1386 1672 et
1428 1653 1437 1672 .
1481 1648 1490 1667 ·
1535 1651 1544 1670 .
1588 1648 1597 1664 ·
1640 1605 1744 1669 ΗΒΕ.

1005 1925 1367 1992 SPONSIANVS.

477 2135 559 2200 Cum
570 2128 920 2216 Pacatisnooonjango
937 2123 1038 2214 ulium
1056 2147 1161 2214 seque
1218 2125 1268 2190 cis
1286 2139 1380 2190 setus
1402 2123 1566 2210 porrexit,
1589 2140 1656 2205 quo
1680 2117 1734 2198 fit,
1757 2134 1814 2197 ut,
1838 2122 1959 2186 cumin

361 2309 363 2316 ¹
413 2237 575 2322 ignotum.
597 2230 743 2314 Eccpm!
1218 2228 1341 2292 exteris
1371 2229 1493 2294 muscis
1521 2223 1578 2291 ¹vix
1600 2223 1829 2308 reperiantur,
1857 2224 1958 2285 minus

552 2339 645 2402 lhiP.
673 2334 914 2399 SPONSIANL
945 2335 1047 2412 Caput
1066 2335 1162 2396 os'rs'le
1216 2329 1370 2400 rarisint
1390 2330 1423 2391 in
1446 2328 1644 2406 Austriscis3
1672 2346 1747 2386 uam
1765 2344 1885 2388 eorum
1900 2323 1959 2386 duo

556 2440 695 2502 imberbe
709 2441 882 2500 radiorum.
1096 2478 1105 2492 .
1132 2503 1138 2518 ,
1216 2433 1458 2516 exemplarent
1476 2431 1511 2494 iu
1524 2452 1638 2494 museo
1658 2428 1842 2501 Caesareo,
1865 2447 1959 2488 unum

411 2541 451 2606 C.
470 2535 570 2606 AVG.
596 2531 764 2613 Columna,
786 2541 841 2600 cui
859 2539 984 2600 insisti!
1003 2545 1111 2598 statua
1129 2537 1161 2598 d.
1219 2534 1254 2596 in
1272 2555 1386 2598 museo
1413 2534 1493 2598 olim
1519 2533 1560 2596 de
1583 2531 1710 2594 France
1733 2527 1958 2600 Vindobouae,

412 2645 541 2704 kastam
557 2652 684 2716 omens,
708 2643 858 2701 adimam
872 2641 1038 2702 commune
1052 2657 1164 2700 euser-
1219 2635 1253 2698 in
1271 2657 1385 2700 museo
1409 2635 1650 2700 canonicorum
1672 2631 1881 2718 regularium
1898 2633 1959 2692 Du·

408 2747 589 2825 punlduae
605 2744 734 2822 spicuo5
756 2743 948 2802 adstutds'nc
963 2725 1014 2800 eir
1033 2749 1161 2821 topatus
1218 2737 1392 2822 cumhurgi
1413 2738 1565 2800 Austriao
1587 2734 1777 2810 inferioris,
1807 2731 1957 2796 nnumin

407 2865 512 2930 punto
537 2849 690 2936 incerlsrm
715 2845 797 2924 quid
816 2830 943 2917 lenens,
965 2844 1041 2904 s'nde
1057 2863 1178 2924 eapse-¹
1219 2839 1445 2904 Transilvsuia
1467 2841 1502 2902 in
1523 2859 1636 2904 museo
1660 2855 1734 2902 exe.
1755 2834 1898 2898 Batonis
1921 2831 1959 2896 ds

378 2935 381 2942 ’
411 2949 528 3010 lituum
539 2957 681 3029 pestana.
704 2944 774 3010 AV·
815 3017 829 3032 ·
1083 2936 1087 2948 '
1216 2941 1458 3006 Brackenthei.

476 3047 561 3112 Mira
577 3047 613 3107 in
632 3045 697 3107 hoc
717 3065 818 3106 numo
836 3043 955 3106 omnis.
977 3045 1161 3128 Imperator
1282 3044 1366 3106 Sunt
1381 3055 1463 3125 eigo
1474 3057 1665 3128 praesentes
1680 3041 1774 3108 numi
1790 3059 1835 3104 ex
1851 3061 1959 3104 eornm

410 3149 614 3234 Sponsianus
641 3143 730 3206 omui
749 3163 831 3208 aero
853 3143 1004 3228 ignotus,
1028 3143 1161 3225 ejusda-
1218 3161 1360 3228 genere,
1383 3146 1497 3229 quales
1521 3165 1563 3208 ex
1586 3145 1734 3208 barbaris
1758 3142 1959 3208 incunabulis

409 3249 504 3314 brice
526 3244 763 3320 semibarbara,
794 3243 941 3328 pondus,
972 3247 1062 3330 quod
1083 3247 1160 3310 soli·
1217 3245 1420 3330 ortessupra
1442 3247 1479 3310 iu
1497 3245 1665 3312 Gordiano
1688 3259 1723 3309 et
1741 3245 1958 3328 Philippose-

367 3339 476 3440 'tam
523 3359 686 3411 monetam
732 3365 862 3408 auream
913 3347 1158 3439 imperatoriam
1215 3345 1311 3408 niore
1327 3349 1556 3423 recitavimus,
1579 3347 1612 3408 in
1636 3369 1777 3432 quorum
1801 3344 1959 3431 aliquibus

390 3451 551 3514 'multum
575 3446 717 3512 excedit.
750 3449 792 3510 At
814 3466 948 3512 aversae
970 3469 1036 3510 nou
1058 3449 1158 3512 modo
1215 3462 1267 3512 est
1291 3449 1390 3512 etiam
1416 3463 1513 3534 ceput
1537 3449 1701 3532 galeatum
1725 3450 1869 3524 alatum,
1896 3448 1960 3510 rel·

405 3550 612 3640 epigraphe,
635 3548 692 3610 sed
715 3561 749 3612 et
777 3561 872 3633 typus
893 3549 935 3618 ad
961 3569 1074 3612 omnes
1092 3551 1160 3634 api·
1215 3563 1252 3614 ut
1278 3551 1313 3612 iu
1335 3549 1478 3614 denariis
1501 3549 1741 3616 consularibus.
1787 3549 1901 3646 Quare
1922 3568 1959 3612 ex

410 3673 467 3719 ces
492 3667 580 3718 totus
607 3663 720 3734 captus
743 3663 794 3714 est
817 3669 859 3716 cx
884 3649 1026 3714 denariis
1045 3653 1081 3714 C.
1098 3653 1159 3714 hii·
1215 3651 1302 3716 tnale
1327 3655 1473 3716 consutis
1492 3653 1544 3714 his
1566 3651 1675 3714 narnis
1694 3669 1772 3734 spes
1794 3651 1889 3714 nulia
1909 3647 1958 3714 sd·

409 3755 500 3820 nucii
517 3751 690 3838 Augurini.
719 3751 879 3820 Vniverse
896 3750 979 3824 haee
1002 3751 1159 3816 rstiodo-
1215 3751 1341 3840 fulget,
1372 3775 1470 3838 posse
1493 3753 1617 3838 aliquid
1637 3753 1671 3816 iu
1692 3751 1856 3816 historiae
1877 3772 1960 3816 com·

408 3871 481 3935 cet,
513 3875 630 3919 numos
656 3853 717 3916 hos
741 3850 883 3940 hominis
913 3854 1157 3938 Romani,‚qui
1215 3853 1349 3918 modum
1374 3857 1466 3933 erui,
1489 3855 1647 3941 quidquid
1673 3855 1808 3918 demum
1833 3855 1957 3918 barbari

410 3959 586 4044 imperium
609 3953 825 4029 adfectasset,
856 3972 928 4016 esse
959 3975 1023 4018 nou
1047 3977 1155 4039 posse,
1214 3975 1346 4026 eorum·
1366 3971 1517 4024 auctores
1548 3959 1655 4042 capite
1687 3958 1836 4035 radiato,
1876 3957 1957 4039 qued

408 4082 482 4144 pam
504 4073 574 4124 tum
597 4055 794 4122 adfectasset
818 4055 915 4120 etiam
941 4057 1100 4140 pecuniae
1116 4061 1155 4120 lt.
1215 4058 1340 4144 ccgpiti
1367 4059 1577 4143 imperatoris
1613 4060 1812 4122 lineamenta
1847 4059 1956 4134 resen,

323 4169 349 4192 ·’
409 4161 561 4236 modum,
592 4173 637 4224 ut·
658 4157 694 4220 in
722 4155 868 4238 tyrannis
896 4159 1047 4244 omnibus
1067 4159 1158 4222 vide·
1214 4173 1250 4222 et
1271 4159 1379 4224 addita
1407 4159 1486 4226 huic
1517 4161 1697 4246 epigraphe
1728 4159 1887 4226 volebant
1915 4159 1957 4220 in·

401 4281 500 4342 ωηο,
523 4276 558 4326 et
578 4275 690 4326 suetos
709 4258 789 4348 ejus*
802 4259 873 4320 aeri
892 4273 1004 4345 typos,
1027 4283 1093 4324 non
1109 4263 1156 4324 in·
1213 4261 1332 4360 tplligi.
1374 4263 1464 4327 Alibi
1485 4263 1627 4328 diximus
1649 4266 1694 4341 ΙΙ),
1717 4259 1954 4347 quam-copiosi

299 4424 306 4434 ,
409 4361 602 4426 destribus
620 4361 777 4436 saeculis,
800 4375 834 4426 et
851 4363 1054 4448 temporibus
1071 4363 1155 4448 reip.
1212 4365 1304 4426 numi
1333 4366 1425 4428 aurei
1455 4379 1490 4428 et
1518 4365 1667 4449 argentei
1690 4365 1894 4428 Graecorum
1923 4373 1952 4422 et

409 4463 541 4547 petitos.
587 4445 921 4530 Animadvertendum
951 4465 1067 4539 etism,
1098 4485 1156 4528 eos
1213 4467 1437 4530 Romanorum
1455 4480 1638 4541 monetam,
1662 4465 1721 4528 sed
1739 4461 1952 4526 barbarcimi·

407 4563 551 4647 reperiri
565 4563 600 4626 iu
615 4583 655 4628 ec
674 4578 801 4645 tractu,
824 4589 885 4654 per
900 4588 996 4652 quem
1012 4585 1084 4630 sese
1093 4567 1158 4631 Da·
1213 4579 1320 4628 tontes
1336 4567 1497 4632 inserere
1514 4565 1616 4630 Dacia
1631 4565 1704 4629 sere
1721 4563 1870 4652 quotidie
1884 4583 1951 4626 cru·

443 4771 474 4845 ι)
496 4767 566 4834 Vol.
585 4769 637 4832 lv.
658 4791 688 4848 p·
712 4775 856 4850 infraq.
