4220 5504
507 493 549 568 L.
589 489 925 571 'SEPTIMIVS
977 493 1259 572 SEVERVS.

121 676 213 741 aliis:
236 675 492 748 Lectisternr'um,
515 675 681 752 velSella,
704 698 871 762 nuperque

118 800 249 843 coronu.
272 779 342 838 AR.
367 777 593 857 (Messenes.)

183 880 320 942 Priores
348 875 414 939 duo
437 878 506 963 typi
537 877 674 963 adipso
701 858 869 942 consecun-

118 981 221 1046 tiouis
249 975 398 1042 solennia
424 980 611 1064 pertinent,
642 979 797 1042 nimirum
816 997 872 1042 ex·

31 1128 36 1146 .
117 1093 284 1150 'structum
306 1102 442 1166 rogum,
474 1093 508 1142 et
525 1068 663 1144 subinde
683 1101 869 1158 accensum,

122 1199 159 1250 et
179 1200 249 1248 tum
277 1183 396 1246 emissa
429 1167 571 1267 superne
605 1182 712 1269 aquila
746 1183 872 1246 animae

121 1277 293 1371 Augustae
314 1283 476 1368 imagine,
514 1285 644 1368 dequo
674 1285 741 1347 ritu
773 1283 869 1360 vide,

121 1407 209 1474 quac
227 1388 362 1472 copiose
373 1387 544 1469 scripsere
559 1383 625 1446 Dio
641 1385 690 1464 Ε),
713 1399 747 1448 et
763 1387 871 1447 Hero·

123 1490 240 1552 dianus
255 1486 300 1569 b).
337 1488 445 1550 Etiam
471 1485 578 1550 honos
597 1488 698 1550 cellae
720 1479 795 1550 cum
817 1505 872 1548 co·

124 1611 208 1653 rona
230 1591 264 1652 in
280 1589 417 1654 theatris
442 1589 597 1674 constitui
612 1587 708 1654 solita
720 1586 808 1648 inter
825 1583 872 1647 di-

118 1691 219 1754 vinos
239 1691 318 1767 fuit,
348 1693 471 1777 dequo
490 1691 544 1774 egi
568 1689 602 1752 iu
622 1687 728 1750 numia
752 1688 776 1748 1.
794 1688 873 1750 Cae-

123 1793 220 1856 saris.
241 1793 277 1854 ln
296 1795 462 1856 marmore
479 1791 644 1866 Ostiensi,
674 1787 762 1873 quod
778 1788 873 1851 resti·

123 1893 189 1955 tuit
206 1893 366 1956 Marinius
383 1896 430 1974 e),
462 1893 582 1958 dicitur
600 1889 754 1954 Herodes
774 1891 875 1953 FLA-

119 1999 198 2059 Mon
213 1997 316 2084 DIVL
333 1997 504 2066 SEVERI.

489 2096 510 2136 s

407 2141 427 2180 e
572 2139 592 2178 r
771 2179 774 2184 ,
840 2179 842 2188 ,

257 2198 381 2269 nivo.
417 2195 641 2262 SEPTIMIO.
680 2195 869 2268 SEVERO.

264 2303 354 2366 Plo.
383 2307 483 2381 eaput
498 2299 627 2363 nudum.

118 2401 445 2468 CONSECRATIO.
477 2401 511 2464 S·
534 2400 570 2463 C.
598 2405 718 2484 Rupes.
745 2399 815 2466 ΔΕ.
844 2403 870 2464 1.

120 2493 225 2592 (Eius.
244 2507 355 2583 Caes.)
559 2595 562 2600 Ι
592 2579 594 2582 v

265 2606 411 2674 DIVVS.
449 2602 668 2674 SEVERVS.
709 2605 869 2667 PATER.

262 2713 365 2789 Caput
381 2713 509 2770 nudum.

119 2808 447 2876 CONSECRATIO.
491 2811 626 2894 Aquilo.
661 2807 727 2875 AR.
769 2808 871 2890 (Mus.

121 2913 235 2994 eros.)

401 3054 422 3094 e
484 3009 504 3050 ⁴
567 3053 588 3096 e
702 3049 707 3054 ’

264 3112 387 3184 DIVO.
425 3111 616 3184 SEVERO.
690 3114 790 3192 Caput
819 3133 871 3175 ra·

265 3220 401 3279 dictum.
637 3238 640 3248 ⁴

121 3313 451 3411 conscensum.
474 3317 607 3400 Aquila.
630 3315 667 3378 In
683 3307 773 3378 aliis:
800 3317 870 3378 Ara

118 3423 296 3486 tumlenta.
317 3421 388 3484 AR.
411 3420 511 3498 (Mus.
527 3417 636 3496 Caes.)

186 3521 353 3585 Postremi
367 3520 402 3582 hi
418 3520 509 3582 nurui
526 3539 601 3582 cum
620 3515 726 3602 capite
742 3516 869 3580 radiato

119 3621 361 3708 adsequiorem
370 3635 509 3684 aetatem
517 3609 693 3704 pertinent,
712 3618 868 3704 adquam,

122 3723 365 3810 disputabimus
387 3724 423 3786 iu
448 3735 588 3788 tractatu
607 3722 649 3788 de
662 3719 770 3784 nuruis
792 3739 869 3784 con·

120 3825 329 3892 accretionia.

264 4051 365 4113 Numi
379 4049 546 4148 commatis
555 4049 731 4128 pereprint.

187 4237 242 4301 De
258 4234 366 4300 numia
380 4237 507 4298 urbium
525 4235 717 4322 liberarum,
734 4241 768 4292 et
785 4231 871 4292 colu·

119 4345 252 4403 uiarum
274 4336 356 4399 nihii
374 4335 528 4400 distincte
551 4331 799 4398 memorandum
815 4350 870 4394 oc·

1527 559 1529 564 ,
1603 518 1672 598 191

928 677 1049 754 currit,
1071 699 1145 740 num
1160 677 1297 762 insignis
1313 697 1429 742 eorum
1447 694 1553 746 exstat
1568 685 1675 769 copia,

928 777 1007 860 quin
1020 791 1053 840 et
1068 799 1180 841 carum
1203 779 1395 861 regionum,
1419 803 1554 866 quarum
1573 785 1674 850 urben

927 897 994 939 non
1017 877 1115 942 facilc
1132 879 1367 965 imperatorum
1394 883 1490 946 alteri
1508 875 1675 952 monetam

929 975 1136 1072 dedicavere,
1156 969 1338 1066 quas'inter
1347 987 1577 1051 memorandae
1586 1009 1676 1052 cum·

926 1078 1042 1162 primis
1062 1083 1402 1176 urhesPeloponueni,
1420 1073 1503 1172 qnae
1522 1091 1676 1174 copiosos

929 1181 1062 1258 Severi,
1094 1196 1127 1244 et
1147 1183 1218 1266 ojus
1241 1185 1385 1248 familiae
1401 1181 1534 1251 nornine
1549 1181 1675 1256 'numos

928 1282 1120 1366 signavero,
1160 1297 1196 1346 ut
1219 1307 1279 1348 ouo
1310 1288 1385 1350 loco
1416 1289 1673 1356 observavimus.

928 1385 1050 1446 Contra
1077 1397 1166 1447 tanto
1194 1389 1327 1471 parcior
1350 1389 1544 1474 ,Aegyptum
1581 1394 1675 1476 cujus

927 1484 1114 1567 paucissimi
1139 1501 1266 1552 exstant
1283 1489 1374 1550 nurui
1394 1511 1468 1557 cum
1487 1497 1594 1576 capite
1617 1496 1676 1558 Se·

928 1585 1021 1660 veri,
1050 1587 1216 1666 Domnae,
1246 1604 1279 1653 et
1301 1589 1468 1667 filiorum,
1498 1595 1576 1678 quin
1598 1617 1675 1682 pro·

928 1685 1072 1749 habilem
1095 1689 1166 1772 ejus
1183 1691 1414 1773 ¹parsimoniae
1436 1713 1566 1759 causam
1599 1716 1675 1782 pos·

929 1786 1030 1851 simus
1052 1791 1265 1858 constituere.
1311 1863 1321 1884 ἱ

964 2043 971 2128 j
1045 2034 1267 2098 nomnen
1294 2053 1341 2096 aa
1370 2037 1564 2100 mnu

1184 2237 1407 2298 Pertinax.

991 2399 1309 2484 NarratSpartianus
1325 2403 1369 2484 d),
1394 2405 1564 2486 Severum,
1586 2425 1675 2493 post·

928 2519 1025 2584 quam
1056 2502 1265 2564 Pertinacem
1298 2503 1385 2567 inter
1420 2506 1513 2571 clivos
1549 2513 1673 2586 retulit,
1791 2529 1800 2546 ²

926 2603 1134 2664 Pertinacem
1165 2624 1202 2665 oe
1231 2605 1341 2667 vocari
1367 2605 1524 2690 jussisse„
1545 2601 1675 2696 Capito-
1771 2669 1782 2694 ,

927 2702 1014 2764 linus
1037 2703 1263 2767 illum'amore
1290 2705 1370 2767 boni
1395 2709 1553 2794 principis
1580 2735 1598 2776 n
1623 2734 1673 2778 ee·
1703 2741 1706 2750 ·

926 2820 1005 2867 natu
1019 2805 1052 2867 id
1071 2825 1192 2868 nomen
1209 2805 1376 2888 accepisse
1392 2821 1531 2874 testatur
1546 2814 1594 2895 e),
1619 2818 1674 2879 cui

927 2920 961 2969 et
983 2905 1113 2998 accedit¹
1138 2906 1231 2968 divus
1255 2907 1476 2990 Hieronymus
1499 2907 1536 2992 s).
1564 2915 1672 2977 Hero·

928 3007 1042 3070 dianus
1064 2992 1149 3069 iilud
1173 3005 1236 3069 sibi
1267 3029 1344 3071 mox
1367 3027 1499 3094 arrepto
1520 3013 1672 3100 imperio,

928 3121 962 3171 et
985 3129 1058 3170 cum
1084 3109 1191 3172 adhuc
1213 3109 1249 3171 in
1267 3099 1405 3196 'illyrico
1428 3115 1571 3195 ageret,
1591 3117 1675 3180 indi·
1752 3169 1753 3176 ,

928 3209 1016 3272 disse
1033 3210 1155 3274 adserit
1170 3211 1221 3292 ὅ),
1244 3223 1341 3296 atque
1357 3211 1461 3290 infru,
1483 3217 1671 3300 professum

928 3297 1021 3390 eum,
1053 3311 1297 3394 cumprimum
1331 3315 1469 3394 Romam
1497 3320 1602 3396 uenit,
1638 3323 1673 3383 in

928 3415 1035 3490 curin,
1065 3433 1100 3475 se
1121 3433 1189 3476 non
1212 3413 1393 3478 Pertinacis
1419 3417 1518 3480 modo
1539 3441 1673 3498 nomen,
1742 3407 1748 3414 ’

928 3515 1149 3578 sed-mentem
1165 3533 1295 3599 quoque
1312 3508 1498 3580 habiturum
1515 3515 1558 3602 ¹1).
1591 3521 1672 3617 Qui·

926 3616 988 3678 bus
1011 3615 1207 3678 testimoniis
1229 3615 1407 3692 docemur,
1439 3617 1626 3704 adoptatum
1651 3645 1671 3687 a

928 3719 1053 3781 Severo
1068 3712 1347 3800 peradiectumin
1363 3719 1569 3801 praeclarum
1582 3723 1672 3788 hunc

925 3817 1128 3905 principem,
1162 3835 1221 3879 seu
1248 3835 1382 3894 verum,
1419 3839 1496 3896 eeu,
1527 3823 1617 3907 quod
1638 3825 1674 3886 in

927 3913 1072 3987 omnium
1089 3936 1284 4002 eumamonp
1297 3917 1369 3979 esse
1377 3919 1552 3998 intellexit,
1574 3925 1674 3987 simu·

926 4025 1040 4087 latum.
1087 4021 1198 4115 Quare
1229 4035 1371 4104 nugatur
1396 4021 1513 4090 Victor
1531 4022 1576 4112 ἰ),
1615 4027 1673 4110 qui

927 4143 1002 4188 eum
1026 4123 1074 4188 sio
1098 4123 1222 4186 dictum
1242 4123 1311 4186 sive
1335 4135 1472 4206 propter
1497 4125 1581 4188 vitae
1599 4147 1673 4210 par·

927 4225 1108 4301 simoniam,
1132 4224 1218 4300 sive,
1241 4221 1331 4307 quod
1350 4223 1460 4287 verius
1474 4225 1538 4310 ipsi
1554 4227 1671 4304 nsum,

925 4342 1064 4413 propter
1080 4325 1309 4422 crudelitatem
1323 4327 1452 4390 censet.
1485 4327 1670 4394 scommata

115 4591 189 4664 ἰ)
207 4589 241 4647 L.
260 4587 395 4654 LXXIV.
414 4593 440 4662 §-
460 4593 487 4648 le
579 4585 612 4658 b)
632 4584 663 4644 in
683 4584 837 4644 Caracalla
857 4583 920 4643 sub.
941 4583 1040 4658 init„
1098 4585 1128 4654 c)
1148 4580 1248 4646 locria,
1264 4579 1372 4639 Alban.
1390 4601 1421 4658 p.
1438 4580 1485 4668 56.¹
1585 4581 1618 4658 d)
1638 4585 1668 4642 in

119 4684 231 4741 Seuero
250 4699 275 4737 c.
291 4692 318 4746 7.
433 4679 466 4750 e)
486 4677 519 4734 in
536 4675 645 4736 Pertiu.
665 4695 692 4735 c.
709 4683 754 4738 15.
868 4675 944 4746 Diu
962 4670 1120 4736 Chronico.

117 4773 155 4847 h)
175 4772 208 4830 iu
226 4770 335 4832 Severo
350 4769 384 4832 L.
402 4768 438 4828 ΙΙ.
459 4788 486 4830 c.
504 4775 547 4832 te
641 4767 667 4841 i)
686 4767 717 4825 iu
736 4765 886 4827 Caesarib.

1239 4677 1271 4750 g)
1290 4675 1327 4734 In
1343 4674 1458 4736 Iuliano
1474 4672 1509 4735 L.
1528 4672 1564 4735 11.
1585 4693 1610 4768 c.
1627 4687 1668 4753 to,
1702 4745 1705 4752 ι
