4186 5492
653 465 938 544 GORDIANI
971 467 999 544 Ι.
1026 492 1071 543 sr
1097 467 1143 546 II.

1593 496 1662 562 sot

112 652 209 724 'Vide
230 653 272 718 de
294 653 346 717 his
363 651 497 736 copiose
522 647 741 735 disputantem
766 651 869 738 Span·
922 651 1351 738 propendisseseatentiom,
1374 657 1432 724 sed
1448 659 1565 739 etiam,
1580 655 1668 752 quo.

119 757 269 822 hemium
286 759 335 839 ¹),
356 769 391 820 et
404 753 608 826 Randanum
622 749 667 836 b).

333 945 660 1040 Animadversio

227 1083 264 1144 s‘n
285 1099 397 1171 odoros
418 1081 584 1162 utriusque
602 1078 773 1141 Gordiani.

192 1265 276 1328 Cum
301 1249 658 1348 utriusqne'Gordinni
686 1260 778 1322 numi
800 1279 875 1324 esn-

127 1367 207 1430 dem
230 1364 417 1450 presserant
447 1361 562 1448 cepitis
591 1362 812 1448 epigraphen,
841 1375 876 1426 et

129 1467 282 1539 easdem,
323 1466 453 1548 dempta
485 1465 599 1540 unios,
638 1484 787 1540 sternas,
825 1483 877 1526 so-

126 1570 199 1632 lum
224 1566 417 1640 discrimen,
440 1563 482 1628 nd
504 1578 613 1632 noum
635 1564 755 1647 singuli
776 1566 878 1649 perti·

129 1683 247 1744 neunt,
269 1689 287 1732 a
306 1665 580 1752 ospitisperistesi
597 1665 730 1750 pendet.
753 1664 878 1729 Obser-

130 1771 207 1833 vari
224 1769 405 1856 postplios,
429 1768 568 1832 senioris
582 1768 705 1830 uultum
716 1769 879 1851 essenon·

131 1871 216 1934 nihil
244 1871 442 1954 oblongum,
478 1883 511 1934 et
539 1871 770 1946 mseilentnrn,
798 1889 878 1934 naso

135 1971 267 2036 modice
284 1972 440 2056 gibboso,
461 1972 615 2059 nimirum
633 1989 715 2036 seso
729 1971 878 2057 pinguio-

134 2091 192 2134 res
219 2088 328 2157 partes
362 2073 542 2150 exedente,
571 2087 668 2158 stque
699 2072 878 2136 secondum

136 2175 202 2238 hoe
226 2195 338 2238 verum
357 2195 429 2238 esse
444 2189 570 2260 potest,
593 2175 682 2259 quod
699 2195 740 2237 ex
762 2175 882 2242 Vulca-

136 2277 184 2340 tio
214 2275 413 2340 Terentiano
446 2276 563 2338 renitet
599 2275 802 2359 Capitolinus
833 2277 881 2356 ⁰),

137 2375 341 2440 Gordianum
358 2379 521 2442 seniorem
536 2391 800 2461 repraesentasse
818 2379 885 2440 An·

138 2475 225 2562 gusti
247 2479 391 2554 vultum,
421 2479 574 2542 nimirum
605 2479 669 2562 jem
699 2480 733 2542 in
755 2480 881 2544 senium

138 2579 317 2665 vergentis.
361 2583 482 2642 Contra
510 2579 649 2663 junioris
672 2581 796 2644 vultum
818 2602 885 2642 mo·

139 2679 192 2763 gis
211 2693 437 2758 contractum,
460 2682 502 2745 ob
521 2703 616 2768 quam
642 2701 770 2746 oensem
787 2685 884 2744 Porn-

139 2780 209 2864 peji
237 2782 353 2844 similis
382 2805 399 2846 a
427 2784 594 2847 nonnullis
622 2782 751 2846 bobitns
772 2782 884 2860 fuerit,

142 2896 178 2945 nt
207 2883 324 2946 eodem
354 2885 430 2947 loeo
459 2885 623 2960 refertur,
664 2884 884 2968 pinguiorem,

140 2989 276 3066 (namet
289 2984 412 3048 ibidem
430 2987 522 3050 obesi
539 2985 640 3048 fuisse
650 2988 798 3071 eorporis
811 3007 887 3072 pro-

143 3087 248 3166 ditur)
264 3087 374 3150 fronte
392 3090 608 3163 recalvastrs,
630 3087 718 3150 forte
742 3087 785 3150 ob
799 3109 887 3151 arno·

142 3189 190 3249 ris
206 3188 447 3271 intemperiem.
472 3193 562 3252 Haeo
582 3189 713 3252 criterin
731 3187 763 3250 in
781 3190 888 3251 nunris

144 3289 218 3350 aliis
242 3289 318 3351 sutis
341 3305 415 3353 sunt
438 3292 619 3366 lueulents,
648 3291 681 3353 in
710 3291 783 3353 eliis
806 3287 889 3350 dilli-

144 3390 242 3452 eilius
265 3390 462 3470 discrimen,
494 3413 632 3478 qnorum
660 3392 761 3455 facies
782 3389 890 3474 plera·

143 3511 209 3576 qne
248 3489 347 3554 habet
385 3493 542 3557 Gordiani
582 3491 721 3555 senioris
758 3505 891 3575 praeter

144 3607 287 3658 aetatem
308 3593 405 3656 nimis
427 3595 624 3674 juvenilem,
655 3613 738 3678 quoe
760 3593 891 3656 referre

145 3698 393 3785 octogenarium
408 3697 500 3763 nullo
517 3709 612 3779 paeto
627 3707 745 3776 potest.
771 3695 894 3758 Seeun·

146 3804 227 3864 dusn
249 3801 396 3884 regulam
426 3797 595 3864 Vsillsntii
622 3796 713 3858 numi
742 3796 893 3880 inseripti

145 3909 186 3967 P.
209 3907 256 3967 bl.
279 3903 350 3963 ΤΗ.
371 3903 411 3964 Ρ.
434 3899 528 3972 COS.
557 3900 596 3964 P.
618 3900 654 3960 P.
685 3897 726 3960 sd
754 3897 893 3962 Gordin-

146 4025 228 4070 num
249 4001 414 4066 seniorem
432 3999 616 4086 pertinent,
636 4017 738 4082 qnae,
761 4000 822 4076 nit,
846 4001 894 4062 in·

148 4107 286 4190 scriptio
296 4105 329 4166 in
339 4103 506 4168 Gordiano
517 4099 586 4162 tttia
594 4120 659 4162 non
670 4101 836 4184 reperitur
851 4101 894 4182 d).

149 4207 278 4283 Credo,
304 4207 415 4273 virum.
429 4206 592 4285 insignem
614 4222 680 4265 non
702 4201 801 4266 modo
819 4223 895 4287 pro·

150 4323 228 4395 pter
255 4309 323 4373 oris
344 4309 562 4376 lineamenta,
593 4321 676 4386 quse
701 4302 763 4367 hos
779 4323 896 4367 numos

147 4405 897 4496 esseGordianiseniorispsrsusserint,inesm

924 753 1010 814 niem
1026 759 1194 818 eonstsnt'e
1208 757 1365 819 haetenus
1378 757 1452 844 lege
1467 765 1669 829 nonnisislu·

926 870 1039 938 gastus
1049 855 1178 946 senior,
1201 877 1275 920 eum
1288 857 1351 920 duo
1369 873 1477 927 tresve
1488 871 1669 932 essentAn·
1776 891 1780 914 ¹

926 957 1031 1042 gusti,
1063 955 1286 1042 pontificatum
1313 962 1487 1026 maximnm
1518 967 1669 1034 obiverit.

929 1059 971 1118 At
992 1057 1077 1120 enim
1095 1072 1170 1139 post
1186 1058 1255 1122 dies
1278 1083 1343 1124 non
1362 1067 1482 1128 multos
1499 1090 1516 1129 n
1534 1070 1671 1134 Gordia·

930 1177 1047 1220 notum
1059 1159 1150 1222 obitu
1160 1173 1286 1228 certum
1297 1177 1361 1240 est,
1385 1165 1479 1231 binos
1494 1191 1556 1234 nna
1569 1171 1671 1236 fuisse

930 1257 1104 1342 pontifices
1149 1263 1324 1339 maximos,
1365 1269 1539 1333 Balbinum
1576 1287 1673 1358 atquo

932 1361 1136 1444 Pupienum,
1160 1383 1218 1424 eur
1241 1363 1326 1427 idem
1358 1367 1462 1432 honos
1489 1393 1555 1434 non
1581 1389 1674 1456 pote·

934 1475 983 1521 rat
1022 1463 1118 1522 etism
1159 1463 1283 1526 deferri
1321 1471 1451 1556 utrique
1482 1459 1674 1539 Gordiano?

934 1558 985 1620 Ad
1008 1561 1108 1636 haee,
1141 1567 1168 1626 si
1196 1565 1231 1627 hi
1259 1571 1350 1630 numi
1371 1588 1508 1655 propter
1530 1577 1675 1640 additum

935 1665 970 1724 P.
994 1664 1039 1725 M.
1062 1662 1228 1728 adimendi
1258 1683 1331 1730 sunt
1354 1673 1520 1738 Gordiano
1541 1676 1675 1758 juniori,

934 1765 1034 1828 iidem
1063 1780 1201 1850 propter
1229 1765 1374 1833 udditnm
1409 1773 1548 1860 simplex
1580 1779 1676 1844 COS.

936 1867 1101 1931 adimendi
1123 1883 1218 1931 erunt
1240 1873 1362 1935 seniori
1371 1895 1381 1946 ς
1411 1897 1484 1938 nam
1511 1892 1595 1942 teste
1618 1882 1678 1944 Cn·

936 1967 1090 2051 pitolino,
1113 1983 1149 2031 nt
1171 1971 1254 2032 inire
1282 1973 1316 2033 in
1346 1977 1441 2039 titulo
1466 1983 1610 2044 Consulis
1630 1983 1679 2045 ri·

937 2071 1105 2145 debimut,
1129 2073 1240 2134 senior
1255 2075 1360 2138 adhue
1378 2081 1522 2160 privatus
1546 2103 1678 2166 proces-

938 2173 980 2235 sit
998 2171 1110 2235 consul
1129 2172 1263 2248 iterum,
1285 2173 1395 2257 junior
1409 2183 1528 2257 semel;
1553 2183 1679 2268 quodsi

940 2293 1071 2349 rerum,
1104 2286 1167 2334 tom
1195 2295 1308 2357 porum
1341 2277 1373 2338 in
1399 2281 1564 2346 Gordiano
1585 2301 1679 2370 patro

940 2376 1079 2438 omissus
1108 2373 1224 2438 luisses
1256 2376 1364 2440 obitus
1394 2381 1464 2463 ejus
1492 2389 1679 2452 consulatus

941 2478 1079 2560 duplex,
1103 2497 1198 2561 quam
1220 2499 1334 2560 perum
1354 2480 1475 2566 duplex
1487 2489 1680 2553 ‘consulatus

940 2579 1070 2641 Balbini
1102 2592 1134 2640 et
1155 2580 1313 2662 Pupieni,
1344 2603 1446 2666 quens
1471 2590 1590 2670 privati
1612 2591 1681 2654 obi·

940 2694 1068 2744 verunt.
1090 2669 1198 2764 Atque
1215 2681 1294 2744 hsee
1310 2703 1406 2745 eausa
1426 2685 1507 2761 fuit,
1531 2693 1679 2754 curolian
1723 2675 1738 2694 .

941 2783 975 2846 in
994 2781 1216 2864 descriptione
1232 2784 1337 2844 musei
1356 2787 1506 2849 Caesarei
1525 2763 1681 2856 susidente

941 2870 1112 2968 praetereo
1128 2881 1326 2964 juveniliore
1353 2888 1444 2950 vultu
1471 2912 1604 2955 numum
1635 2895 1683 2957 in·

944 2983 1100 3068 seriptum
1121 2986 1159 3046 P.
1181 2983 1412 3048 morediano
1436 2989 1558 3071 juniori
1582 2995 1684 3058 tribu·

944 3085 1063 3148 endum
1086 3086 1277 3170 putaverim.
1311 3087 1356 3149 At
1376 3103 1548 3175 postquam
1571 3113 1685 3158 seeun-

945 3188 994 3248 dls
1012 3186 1217 3264 eurisrideo,
1242 3188 1421 3265 rationem,
1441 3191 1685 3282 'propterquam

945 3289 1102 3352 Balbinus
1127 3301 1161 3351 et
1175 3290 1343 3372 Pupienus
1363 3315 1427 3356 ono
1444 3308 1593 3380 ternpore
1606 3321 1686 3382 pon·

946 3389 1051 3455 tifiees
1069 3391 1199 3452 maximi
1215 3390 1294 3454 dieti
1308 3390 1422 3468 fuere,
1443 3417 1509 3472 non
1522 3391 1619 3480 posse
1634 3421 1688 3464 ra·

947 3493 1019 3554 lere
1037 3489 1078 3554 ed
1094 3491 1295 3569 Gordianos,
1318 3507 1350 3555 et
1367 3495 1517 3578 longiore
1534 3520 1591 3561 usu
1611 3499 1688 3565 edo·
1786 3553 1790 3560 .

949 3607 1021 3655 etus
1043 3614 1134 3665 sum,
1164 3612 1230 3655 non
1260 3614 1391 3676 semper
1413 3597 1587 3680 Capitolini
1618 3621 1690 3664 ora·

950 3693 1023 3756 culs
1044 3691 1143 3754 fidem
1164 3694 1302 3767 snereri',
1335 3715 1417 3778 quae
1446 3697 1566 3761 sedere
1588 3701 1690 3763 conti·

949 3815 1016 3858 nno
1038 3793 1177 3867 debent,
1209 3815 1283 3857 eum
1312 3815 1391 3860 ,uera
1420 3797 1577 3862 historiae
1606 3801 1691 3865 rasio

949 3895 1051 3959 aliud·
1069 3893 1201 3972 suadet,
1239 3897 1386 3958 veritatis
1422 3919 1514 3961 emor
1541 3897 1693 3984 profiteri

951 3999 1056 4080 cogit,
1080 3999 1189 4059 velum
1218 4017 1291 4061 esse
1307 3999 1474 4063 Vaillantii
1497 4002 1692 4064 senteutiam

952 4099 1013 4162 hos
1037 4114 1154 4160 numos
1176 4098 1232 4158 uni
1253 4099 1376 4186 peniori
1397 4099 1587 4179 tribuentis,
1617 4102 1695 4166 reli-

953 4219 1037 4284 quos
1056 4217 1134 4262 sero
1149 4221 1189 4262 ex
1209 4198 1374 4284 descripto
1388 4222 1484 4285 supro
1501 4203 1615 4286 capitis
1626 4225 1693 4266 mo·

955 4303 998 4364 do
1020 4299 1239 4375 deliniendos,
1271 4303 1417 4386 quamvis
1448 4303 1501 4366 hio
1531 4323 1595 4366 non
1617 4323 1694 4366 rnro

946 4403 1144 4480 dubiusne,
1166 4401 1255 4488 quod
1274 4403 1407 4468 evenire
1424 4423 1559 4468 neeesse
1574 4401 1695 4483 fuerat,

183 4600 217 4714 s)
237 4642 321 4700 Tem.
341 4639 377 4696 II.
395 4659 426 4717 p.
446 4649 509 4702 243.
566 4637 600 4711 b)
621 4634 700 4696 llibl.
717 4633 891 4693 num-ente
922 4633 981 4692 CL.
1001 4631 1055 4692 suls
1074 4633 1184 4694 Ioanne
1204 4632 1245 4691 du
1264 4635 1331 4727 Bos.
1395 4635 1425 4706 e)
1445 4609 1480 4692 in
1491 4631 1694 4692 Gordianoll.

150 4751 175 4789 c.
195 4743 239 4794 21.
315 4729 350 4805 d)
369 4729 455 4788 Num.
475 4739 585 4806 praest.
604 4727 639 4786 Τ.
658 4727 680 4788 l.
701 4748 730 4805 p.
752 4735 814 4790 152.
834 4723 906 4785 edit.
929 4723 1017 4785 Rom.
