4220 5504
581 461 590 480 ·
712 461 715 466 ·
795 437 838 510 s.
890 423 1217 506 SEPTIMIVS
1269 373 1556 500 ssvsevs

402 466 474 540 181,

403 631 519 704 onte
541 623 702 694 hocloco
723 636 924 708 praenomen
947 627 1016 692 est,
1047 612 1148 696 scrip·
1205 611 1331 673 ciarum
1341 607 1578 704 pollicitatrix,
1600 621 1680 686 quaa
1697 595 1796 660 facile
1810 589 1958 658 indicunt

401 755 472 804 tum
501 755 562 820 pro
586 725 747 798 AVLVS,
789 721 881 806 cujus
909 713 1146 800 exemplariis
1205 729 1307 796 aquae
1336 729 1377 772 ex
1398 701 1722 792 rupeprossueutes,
1745 713 1831 783 quae
1849 693 1962 758 coele·

402 838 479 906 dedi
495 835 561 900 rol.
578 832 632 899 lv.
649 850 683 914 p.
699 825 753 888 fio.
1207 813 1312 879 stibus
1338 807 1458 894 pluviis
1485 805 1696 876 nutriuntur,
1734 815 1897 885 quorem
1923 805 1962 854 et

468 937 568 1018 Cujus
594 945 729 994 naturae
752 924 853 990 fuerit
869 925 951 986 haee
976 917 1054 995 des,
1083 930 1148 1000 quo
1206 913 1351 998 pertinet
1374 909 1518 984 fulmen,
1542 904 1631 991 qaod
1649 904 1711 966 dea
1728 921 1828 963 mauu
1851 897 1965 979 jactet,

403 1033 683 1122 tultuproposite,
702 1029 826 1113 optime
839 1017 1149 1104 docebitApuleius,
1206 1037 1281 1078 nem
1300 1011 1419 1076 eodem
1444 1023 1478 1072 et
1494 1007 1643 1092 luppiter
1657 1002 1796 1067 Plotius
1814 1009 1963 1062 armatus

401 1145 474 1228 ipse
498 1138 590 1204 Aser.
631 1139 754 1214 itaqua
781 1131 869 1192 locis
891 1144 1068 1208 permane,
1103 1119 1156 1180 iu·.
1207 1127 1376 1199 comparet
1390 1113 1423 1176 in
1434 1132 1533 1175 numo
1546 1106 1690 1192 Ephesi,
1713 1123 1813 1189 quem
1824 1097 1903 1163 ride
1920 1097 1964 1174 ²).
2093 1143 2094 1146 η

404 1243 475 1330 quit
491 1243 538 1321 ⁸),
568 1247 600 1300 ot
620 1238 779 1312 coniapa,
808 1232 933 1292 sivetu
957 1226 1069 1297 Sami,
1097 1253 1111 1267 ·
1137 1251 1155 1283 -,
1209 1217 1290 1279 Cum
1316 1235 1358 1278 ex
1376 1211 1521 1277 laudatis
1537 1209 1669 1294 Apuloii
1688 1205 1802 1268 verbis
1819 1213 1983 1274 constet„

318 1386 321 1392 ,
353 1341 358 1347 ’
403 1349 473 1408 rios
489 1344 594 1404 cclrac
609 1311 830 1414 coctaq'tnts,
852 1349 934 1414 pace
950 1337 980 1390 ts
995 1327 1152 1406 oirpinom
1208 1319 1292 1382 hano
1335 1319 1522 1382 coelestem
1560 1308 1699 1376 eandem
1720 1305 1843 1374 ,luisse
1888 1319 1966 1364 com

404 1455 534 1508 uectura
553 1442 655 1502 lconis
669 1436 756 1500 coelo
767 1439 993 1495 commeantem
1005 1425 1153 1506 percolit,
1209 1421 1351 1496 Iunone,
1376 1433 1410 1482 et
1427 1429 1556 1482 constet
1568 1425 1761 1497 praeterea,
1784 1404 1865 1467 huic
1878 1400 1968 1464 aeris

403 1549 516 1607 bootae
533 1541 825 1620 redcasreqaentoa.
847 1533 899 1594 En
915 1528 975 1590 tibi
984 1527 1067 1596 banc
1077 1526 1154 1587 Car·
1210 1521 1382 1586 arbitrium
1404 1518 1507 1614 fuisse
1525 1514 1744 1600 permissum,
1774 1505 1878 1570 facile
1895 1501 1968 1586 ejus

405 1640 662 1728 thaginiensium
694 1635 789 1698 deam
813 1633 848 1694 in
876 1642 1008 1694 vectura
1035 1624 1152 1702 leonia,
1211 1625 1293 1688 deae
1325 1644 1400 1688 eum
1433 1619 1554 1704 pluviis
1586 1633 1708 1680 nexum
1731 1607 1967 1690 intelligimus.

405 1761 503 1830 utque
528 1743 592 1804 boo
622 1737 719 1801 etiam
743 1729 843 1796 modo
871 1731 906 1792 in
932 1747 1032 1794 numo
1060 1746 1155 1812 prae·
1210 1725 1340 1790 Placuit
1362 1723 1402 1786 ad
1429 1715 1660 1804 explicandum
1690 1727 1795 1776 totum
1822 1710 1890 1772 hoe
1917 1726 1969 1768 ar·

407 1861 501 1910 sente
512 1839 732 1928 propositam,
753 1847 822 1898 tum
837 1845 870 1895 et
888 1829 1075 1916 sbApuleio
1091 1848 1153 1914 pro
1212 1807 1502 1916 gementumprae
1527 1819 1666 1882 testibus
1690 1816 1765 1880 aliis
1792 1825 1969 1874 arcessere

406 1950 533 2009 lunone
574 1941 735 2015 habitam,
783 1953 968 2021 quenquam
1007 1943 1154 2018 spectate
1211 1926 1407 2016 Apuleium,
1435 1921 1675 2009 Augustiuum,
1708 1909 1968 1983 Tertullianum,

405 2047 514 2112 leonis
548 2041 731 2108 ministerio
770 2034 894 2120 aliquid
929 2033 1048 2097 babeat
1078 2051 1154 2098 oum
1212 2029 1300 2117 quod
1320 2027 1355 2090 hi
1375 2040 1444 2090 tres
1466 2025 1540 2088 etri
1558 2023 1691 2086 natione
1718 2019 1835 2092 luere,
1857 2013 1969 2097 iisque

406 2153 515 2220 Matre
533 2147 629 2210 deum
646 2157 840 2214 commune,
860 2150 897 2198 ut
915 2155 1031 2198 revera
1043 2134 1078 2200 S.
1090 2134 1156 2196 Au·
1198 2131 1294 2202 ,adeo
1311 2117 1491 2194 domestica
1506 2126 1590 2188 haee
1602 2121 1714 2185 fabula
1732 2119 1881 2184 omnium
1901 2135 1970 2176 me·

408 2250 557 2336 guttinus
574 2247 658 2310 hano
675 2258 708 2308 et
728 2241 915 2306 coelestem
933 2249 1155 2298 nostrsmuno
1211 2234 1299 2296 xime
1329 2241 1505 2316 perspecta
1535 2246 1610 2290 esso
1642 2223 1771 2288 debuit.
1815 2215 1968 2282 Eandem

407 2339 925 2435 eodemquelocooonjonxitb)=
951 2338 1164 2400 curicitico--
1213 2335 1297 2398 hano
1324 2333 1528 2405 coelestem,
1559 2327 1619 2390 sed
1640 2327 1768 2388 Lunam
1790 2319 1968 2392 creditam,

404 2455 489 2534 pini,
514 2461 547 2514 st
570 2449 799 2528 Berscpmlioa
821 2445 919 2506 matri
941 2444 1071 2502 deorum
1092 2456 1157 2498 om·
1214 2435 1254 2498 ab
1272 2433 1453 2520 Elagabalo
1477 2432 1583 2496 fuisse
1599 2433 1739 2493 Romam
1764 2421 1971 2494 transsatam,

407 2557 508 2616 uiant.
530 2549 597 2612 Sed
607 2563 641 2612 et
651 2545 895 2618 Tertullianus,
917 2560 992 2605 oum
1011 2537 1093 2600 dixit
1108 2537 1157 2617 ⁰)=
1214 2536 1325 2621 ibique
1350 2535 1413 2599 deo
1430 2532 1612 2617 Elagabelo
1638 2524 1851 2592 matrimonio
1877 2520 1970 2606 june-

408 2658 464 2718 Ad
485 2655 604 2716 bertius
624 2646 844 2728 impellimur?
875 2653 975 2717 corte,
1005 2661 1087 2723 quas
1103 2642 1159 2702 tn·-
1213 2651 1301 2713 tam,
1324 2638 1357 2700 in
1373 2637 1470 2720 hujus
1484 2647 1616 2698 moneta
1635 2627 1844 2694 docebimus.

412 2757 505 2829 bero,
539 2761 572 2813 et
598 2753 724 2830 cybele,
760 2758 793 2810 et
815 2747 948 2808 Coclcrti
974 2743 1156 2822 applicatis,

410 2855 526 2917 leones
537 2849 711 2926 intellexit,
734 2867 816 2933 quos
831 2844 955 2908 Bacchi
973 2856 1007 2904 et
1016 2839 1158 2924 Cybeles
1172 2895 1178 2913 ,

408 2935 708 3038 'jugaleenovimun
731 2945 783 3013 Ad
798 2944 1023 3028 explicandum
1041 2963 1157 3027 aqusm

414 3073 433 3115 e
450 3071 533 3136 rupe
544 3063 789 3135 prominentem
801 3047 966 3130 duplicem
983 3045 1076 3108 lubet
1085 3065 1162 3108 eru·

415 3149 491 3212 ditis
511 3168 698 3232 proponere
717 3148 950 3230 conjecturam.
988 3147 1054 3210 Aut
1071 3147 1159 3208 enim

416 3249 636 3332 credipotest,
656 3243 816 3312 Severum
827 3267 885 3308 suo
896 3260 1027 3329 sumptu
1044 3267 1160 3330 aquam

420 3350 650 3434 Carthaginem
677 3347 861 3420 derivasse,
890 3360 924 3409 et
942 3347 1030 3412 istud
1057 3367 1160 3434 uquoe

419 3449 611 3533 impetratae
633 3449 828 3513 beneficium
855 3448 903 3512 sic
929 3449 1031 3512 luisse
1048 3449 1081 3511 iu
1103 3471 1163 3512 uu·

417 3549 480 3612 mis
489 3550 701 3634 inscriptione
712 3549 1162 3620 lunvueettrttmvce.

418 3651 475 3714 ΙΝ.
502 3651 660 3716 centn.
684 3653 904 3728 celebratum,
934 3665 971 3714 ut
998 3653 1077 3716 olim
1103 3657 1164 3718 Ps-

420 3764 548 3814 trentes
564 3751 705 3817 Achaiae
722 3749 918 3817 beneficium
938 3768 1090 3818 monetae
1105 3755 1165 3817 im·

421 3863 569 3934 petraeae
586 3853 818 3936 praedicabant
828 3853 863 3916 in
872 3855 999 3930 numis,
1021 3857 1163 3942 scriptos

420 3951 762 4020 INDVLGENTIAE.
775 3952 876 4022 Ave.
891 3955 1091 4020 MONE'PA.
1100 3959 1166 4020 lst-

422 4054 643 4117 PE'I'RATA.
671 4057 756 4134 Aut,
787 4053 877 4142 quod
903 4069 1071 4139 praestare
1098 4057 1166 4121 exi·

423 4147 532 4228 stimo‘,
548 4154 631 4218 haee
645 4176 747 4242 aquae
761 4153 885 4220 fluente
894 4156 936 4220 ad
951 4171 1063 4241 typum
1076 4159 1167 4242 prin·

425 4251 533 4334 cipem
565 4253 646 4318 dese
680 4257 841 4322 eoelestis
869 4257 1047 4342 pertinent.
1088 4259 1165 4324 Fuit

426 4347 528 4428 haec,
556 4367 640 4416 teste
657 4358 778 4420 iterum
796 4359 1003 4422 Tertulliano
1018 4358 1069 4440 d),
1093 4365 1166 4443 plu·

465 4601 497 4670 a)
516 4599 712 4678 Metamorpb.
729 4603 761 4662 l«.
779 4605 832 4671 Vl.
875 4606 910 4682 b)
929 4607 967 4668 de
985 4608 1050 4673 Cir.
1071 4611 1120 4674 dci
1138 4609 1225 4674 1..11.
1244 4619 1315 4675 et.
1360 4615 1391 4686 c)
1411 4611 1541 4690 Apolog.
1562 4625 1645 4675 eto·

431 4685 462 4756 e)
482 4683 549 4748 Vol.
565 4685 601 4744 ll.
615 4707 651 4764 p.
665 4697 727 4752 514.

1277 2741 1402 2802 Numos
1428 2737 1508 2814 hos,
1545 2735 1609 2799 etsi
1643 2731 1738 2796 nullo
1772 2725 1967 2793 charactere

1215 2839 1453 2924 chronologico
1481 2837 1648 2922 insignes,
1687 2828 1859 2918 praesenti
1884 2843 1968 2888 auno

1216 2939 1335 3017 adfixi,
1366 2931 1441 3025 quia
1463 2940 1498 3002 in
1530 2937 1640 3000 numis
1668 2920 1861 3000 Carieollee
1887 2927 1970 3010 ejus·
2093 2965 2094 3020 3

1217 3042 1292 3106 dem
1308 3041 1494 3128 argumenti
1509 3040 1647 3123 insuper
1665 3037 1799 3102 additur
1817 3029 1898 3094 trib.
1915 3048 1970 3114 po·
2093 3025 2094 3034 ¹

1216 3157 1333 3222 testes,
1363 3143 1397 3206 in
1424 3135 1856 3221 stii0V1.,iunlitsvlt,
1887 3147 1968 3216 quet
2093 3157 2094 3238 ,

1217 3261 1268 3310 est
1281 3245 1379 3330 hujus
1392 3243 1565 3332 temporis.

1497 3426 1687 3513 ἢ..

1393 3552 1516 3613 liudem
1536 3551 1689 3612 Matrem

1220 3655 1293 3716 1111.
1325 3641 1799 3714 LIBERALITASIAVGG.
1846 3645 1972 3708 Libero·

1221 3759 1299 3819 litot
1312 3765 1413 3816 staua.
1434 3752 1504 3816 AR.
1527 3753 1630 3833 (blus.
1648 3747 1760 3826 Caes.)

1285 3857 1338 3919 Ex
1360 3853 1469 3918 numis
1492 3851 1568 3916 anni
1589 3845 1826 3934 praecedentis
1853 3858 1973 3911 eertum
2093 3837 2094 3888 i

1221 3971 1371 4021 tenemus
1387 3952 1749 4020 Sereriliberalitstem
1758 3949 1816 4012 111.
1840 3942 1975 4014 Atdiffi·
2093 3993 2094 4006 ,

1222 4059 1318 4123 cilius
1341 4068 1392 4119 est
1422 4053 1529 4139 ligere
1560 4067 1774 4140 praesentem
1788 4053 1866 4116 1111.
1920 4051 1976 4112 'lt-

1222 4179 1299 4222 men
1325 4177 1367 4222 ex
1387 4177 1489 4238 numo
1514 4156 1706 4222 caracellae
1734 4175 1812 4218 cum
1837 4151 1903 4217 bae
1931 4171 1978 4215 ee·

1222 4257 1297 4322 dem
1323 4279 1437 4324 aversa
1458 4279 1526 4324 uon
1548 4253 1763 4323 incommode
1782 4273 1872 4319 suno
1890 4271 1979 4339 prae·

1224 4361 1309 4425 senti
1326 4359 1474 4446 illigatur
1486 4375 1630 4448 propter
1637 4357 1750 4425 vultus
1767 4355 1979 4428 lineamenta,

1684 4609 1720 4686 d)
1739 4605 1875 4708 ppolog.
1897 4627 1923 4669 e.
1939 4617 1978 4671 ts
