4220 5504
400 507 484 577 Μ’
512 573 517 582 ,
912 425 916 434 Ι
983 483 1348 566 CARACALLA.

403 671 516 748 modo,
536 666 785 753 suaperiictsm
801 666 1147 753 adoptionempatruo,
1205 669 1292 734 hune
1318 669 1452 735 'titulum
1486 691 1548 757 per
1588 669 1764 734 vanitatem
1807 681 1947 755 captum.

403 781 467 846 etsi
495 798 535 841 eo
558 789 653 862 pater
673 791 836 854 uunquam
863 789 940 830 usas
959 785 1018 832 est.
1049 772 1146 833 liiuru
1206 777 1306 836 Teste
1324 774 1495 857 Spartiano
1512 771 1699 837 Germanici
1716 792 1838 836 nomen
1856 786 1954 856 patre

403 881 493 946 numi
515 879 549 940 in
574 897 691 940 annum
704 875 744 943 V.
762 874 799 936 C.
822 868 885 954 966
907 869 1072 935 differunt.
1102 871 1148 932 At
1206 873 1312 938 adhue
1327 875 1402 940 vivo
1420 875 1529 939 fuerat
1549 887 1746 942 consecutus
1764 871 1801 956 ¹).
1822 874 1950 944 Verum

334 1008 339 1033 ι
403 993 566 1046 maturant
583 995 763 1050 marmora,
787 973 970 1058 etquidem
988 974 1052 1056 jam
1070 993 1146 1038 cum
1203 976 1291 1039 istud
1308 977 1460 1062 ignorant
1475 977 1567 1039 numi
1584 989 1617 1039 et
1634 997 1809 1051 marmora,
1832 987 1951 1036 etcum

409 1083 486 1148 trib.
504 1093 665 1168 potestate
679 1079 737 1140 111.
753 1077 786 1138 in
804 1075 1031 1139 Muratoriane
1042 1075 1083 1156 ⁸).
1111 1061 1113 1068 ¹
1205 1097 1271 1138 nen
1285 1093 1428 1154 constet,
1455 1078 1654 1172 caracallam
1671 1078 1809 1140 seorsim
1826 1087 1951 1158 epatre

439 1189 608 1282 ¹Senmcs.
652 1183 688 1240 ln
714 1197 814 1239 numo
841 1167 990 1239 coloniae
1014 1181 1150 1242 Cassan·
1205 1179 1329 1242 baliam
1361 1181 1520 1266 gessisse,
1551 1195 1606 1244 aut
1629 1180 1734 1242 ullum
1757 1177 1887 1262 cepisse
1909 1193 1950 1236 ex

403 1287 501 1352 sireae
511 1281 724 1348 Macedoniae
734 1277 820 1362 apud
833 1277 947 1341 Witde
962 1273 1014 1358 ¹³):
1036 1273 1145 1341 ΑΤΤ.
1202 1281 1350 1342 victoriis
1370 1283 1518 1358 titulum,
1549 1282 1612 1344 nisi
1635 1302 1732 1366 quem
1758 1292 1855 1362 pater
1877 1276 1950 1359 ipse

402 1391 438 1452 C.
447 1384 501 1447 M.
514 1381 691 1448 ΑΝΤΩΝ
695 1377 810 1443 INOS.
823 1374 1022 1440 SEMNOS.
1036 1380 1145 1442 mixtis
1203 1383 1310 1464 cepit,
1333 1397 1366 1446 et
1383 1403 1457 1446 cum
1472 1403 1513 1446 eo
1530 1381 1795 1456 communicavit,
1817 1377 1950 1440 viderur·

399 1489 539 1552 barbare
560 1485 697 1550 vocibus
718 1481 889 1564 literisque
906 1498 977 1541 curn
997 1481 1143 1557 Graecis,
1203 1503 1330 1547 errasse
1352 1485 1424 1570 ipse
1448 1485 1656 1568 Spartianus,
1686 1505 1760 1546 eam
1786 1500 1850 1566 pro
1875 1482 1954 1541 cer·

288 1573 291 1580 ⁵
399 1605 468 1654 tum
483 1588 620 1652 Latinis.
641 1589 702 1648 Est
717 1597 824 1645 autem
842 1603 860 1643 a
877 1577 1144 1664 GraeeoEspuor,
1201 1589 1346 1648 massicus
1369 1585 1577 1648 scribendum
1613 1599 1701 1648 esset
1729 1583 1951 1648 tritemius.

401 1694 610 1764 uenerabilis,
633 1685 722 1771 qnod
737 1703 855 1746 nomen
875 1681 1041 1746 Gordiano
1059 1683 1148 1746 Airi-
1202 1687 1357 1749 Ceterum
1385 1707 1506 1770 operae
1536 1687 1679 1770 pretium
1706 1707 1773 1750 nou
1798 1684 1950 1786 ¹ridetur,

400 1809 482 1856 cano
493 1790 614 1853 seniori
629 1790 662 1850 in
679 1783 1024 1848 numisAiexandrinis
1037 1783 1142 1848 datur.
1200 1787 1316 1850 adsciti
1341 1788 1438 1872 hujus
1462 1789 1603 1850 nominis
1630 1809 1761 1852 eausam
1786 1785 1884 1849 anxie
1910 1785 1954 1847 ri·

296 1923 300 1930 ⁴
426 1893 428 1900 ’
463 1895 641 1965 Arabicus,
663 1891 890 1968 Adjabcuicus.
932 1885 1143 1950 Praedicasse
1199 1887 1297 1964 mari,
1328 1889 1356 1951 si
1383 1891 1551 1952 audiamus
1575 1891 1784 1973 Spanianum
1806 1888 1892 1952 haec
1913 1889 1955 1950 de

401 1992 599 2057 Caracallum
614 1991 808 2064 hostisuios,
830 2007 949 2070 nempe
964 2007 1025 2071 per
1042 1989 1143 2052 ricto·
1199 2009 1240 2052 eo
1270 2006 1524 2079 memorantem,
1556 2013 1628 2054 cum
1654 1997 1836 2056 amasos
1861 1993 1953 2052 sube-

398 2094 465 2157 riss
498 2093 618 2177 patris,
656 2091 776 2155 docent
810 2088 999 2172 Spartianus
1015 2089 1062 2170 c),
1108 2103 1143 2153 et
1195 2095 1316 2174 piaret,
1342 2097 1641 2162 cremaretur
1658 2115 1693 2158 ss
1709 2095 1956 2172 appellavisset

397 2215 579 2268 marmora,
615 2195 703 2256 inter
735 2211 818 2277 quse
849 2191 1081 2254 Gruterianum
1097 2189 1140 2272 ¹¹).
1189 2199 1286 2274 joco,
1326 2197 1380 2256 vel
1410 2199 1513 2273 serio,
1546 2205 1678 2258 uteret
1702 2197 1876 2257 stulttsset
1899 2197 1954 2256 ds·

399 2295 465 2362 Sed
484 2297 518 2358 in
533 2297 640 2359 numia
657 2309 818 2380 perpetuo
830 2292 1054 2376 negliguntur.
1197 2315 1305 2370 mem,
1327 2303 1489 2374 asserens,
1512 2301 1543 2358 si
1559 2301 1709 2360 Lucassos
1725 2299 1869 2372 vicisset,
1891 2298 1954 2358 Le·

460 2401 628 2460 Pas-titicus
643 2401 806 2460 Maximus
824 2395 929 2458 dictus
950 2415 1023 2456 cum
1046 2407 1139 2478 putre
1196 2400 1342 2459 cenicum
1358 2417 1394 2459 se
1411 2398 1647 2477 appellandum.

398 2519 440 2562 ex
461 2501 566 2561 altero
590 2499 624 2560 in
652 2500 793 2560 Parthos
814 2495 923 2572 bello,
958 2515 1063 2580 eoque
1092 2495 1140 2556 uti
1259 2501 1499 2562 Alemannicus.
1566 2501 1598 2564 A
1625 2497 1722 2562 victis
1756 2500 1950 2565 Alemannis

397 2601 507 2684 coepit
533 2601 572 2668 V.
593 2601 630 2672 C,
649 2599 728 2684 953,
762 2598 877 2661 sedin
903 2610 995 2682 parte
1015 2610 1138 2670 tanturn
1196 2595 1298 2662 icisse
1323 2620 1398 2662 eum
1420 2605 1685 2676 Alemaunicssm,
1717 2601 1826 2664 refert
1852 2601 1950 2686 Spar·

396 2721 568 2764 numerum
591 2722 720 2778 aversa,
751 2714 879 2786 etpost
903 2697 1078 2760 triennium
1104 2695 1139 2757 in
1196 2699 1368 2782 tianust),
1399 2689 1848 2788 sed'monumentapublica
1873 2703 1950 2767 hac·

395 2803 502 2864 numis
522 2803 714 2885 neglectus,
745 2799 934 2863 ut'dictum.
973 2801 1024 2860 Ex
1046 2797 1138 2860 bello
1196 2811 1291 2863 tenus
1309 2803 1439 2885 cognita
1460 2803 1548 2871 huuc
1571 2806 1703 2868 titulum
1721 2827 1790 2867 non
1812 2806 1949 2889 jactant.

395 2903 567 2980 Parthico,
611 2903 699 2988 quod
720 2903 791 2984 ipse
820 2899 880 2962 suh
909 2899 992 2962 vitae
1015 2900 1137 2961 exitum
1260 2903 1463 2967 Sometimes
1482 2909 1657 2971 Maximus.
1691 2907 1952 2970 Nomenobiter

345 3031 350 3044 ·
393 3021 455 3083 per
471 3021 506 3064 se
523 3005 635 3084 gessit,
658 3007 840 3064 Parthicum
853 3003 1062 3084 appellatum,
1085 2999 1140 3060 ad·
1195 3014 1319 3066 tautum
1347 3021 1565 3073 memoratum
1598 3009 1818 3092 aSpartiano
1842 3006 1895 3090 ¹³),
1931 3031 1951 3071 a

394 3095 503 3161 firmat
537 3102 725 3184 Spartianus
748 3101 787 3180 e).
830 3101 911 3181 Ejus
942 3101 1014 3166 aeri
1046 3099 1137 3162 numi
1194 3106 1413 3168 monumentis
1423 3109 1656 3174 itemextorre.
1680 3109 1766 3173 Illud
1782 3111 1811 3171 si
1821 3129 1950 3186 verum,

397 3197 566 3260 victoriam
603 3200 733 3284 quidem
763 3201 947 3262 Parthicam
990 3214 1135 3285 erepant,
1193 3203 1324 3268 videtur
1342 3207 1506 3274 Sarmatas
1523 3231 1585 3294 per
1603 3211 1732 3296 legatos
1752 3211 1886 3275 vicisse.

394 3297 453 3360 sed
471 3297 601 3360 titulum
619 3305 762 3362 Parthici
778 3300 929 3362 reticent.
1257 3311 1405 3388 Mapnus.
1456 3311 1542 3378 Vide
1567 3311 1665 3395 hujus
1698 3313 1790 3377 rituli
1817 3333 1950 3377 cauam

411 3432 414 3440 ·
459 3401 791 3465 Britannicus.'·Hunc
807 3401 937 3464 titulum
954 3421 1027 3466 eum
1043 3415 1136 3486 patre
1193 3427 1289 3491 supra
1304 3409 1338 3470 in
1353 3413 1461 3474 numia
1478 3415 1749 3480 consecrationis.

395 3501 567 3584 capessivit
583 3503 623 3570 V.
641 3501 676 3565 C.
695 3501 895 3584 963‚rerum
912 3503 1137 3588 trienniopott
1255 3511 1347 3576 Haec
1382 3513 1515 3576 nomina
1543 3517 1734 3582 caracallae
1765 3532 1823 3582 aut
1850 3520 1953 3596 serio,

395 3601 506 3685 eoepit
521 3605 712 3685 praevalere
732 3623 853 3666 nomen
869 3601 1075 3682 Germanici,
1097 3625 1136 3670 ac
1193 3625 1248 3673 sut
1265 3611 1401 3676 honoris
1423 3634 1520 3676 causa
1537 3616 1693 3700 imposita
1709 3638 1951 3694 memorantur.

395 3719 472 3764 mox
489 3703 587 3783 plene
600 3705 787 3788 exspiravit.
1158 3769 1163 3782 ,,
1192 3711 1301 3775 Fuere
1326 3728 1436 3777 autem
1468 3731 1502 3779 et
1539 3717 1602 3781 alia
1632 3720 1828 3804 diasyrtica,
1866 3743 1953 3810 quac

460 3808 678 3868 Germanicus.
697 3805 1019 3891 Comparetprimum
1034 3807 1136 3869 innu·
1191 3815 1305 3897 paucis
1322 3800 1584 3882 commemorare
1601 3820 1704 3904 juvat.

396 3887 458 3964 uria
480 3903 646 3968 tribunatu
669 3907 758 3974 xvl.
779 3909 915 3984 notatis,
952 3909 1008 3991 qui
1041 3906 1136 3971 fluxit
1258 3919 1437 3992 Caracalla,
1461 3921 1643 3984 seeundum
1654 3925 1740 3989 alios
1751 3931 1953 3993 euraccum.

396 4019 471 4064 eum
486 4026 570 4067 anno
585 4007 627 4076 V.
644 4009 680 4072 C.
697 4007 768 4088 qut.
798 4007 878 4088 Ejus
896 4008 983 4090 capti
1006 4028 1135 4070 eausam
1192 4015 1245 4078 De
1269 4016 1333 4080 hoc
1356 4021 1490 4082 nemine
1512 4021 1578 4086 Die
1602 4039 1721 4089 auctor
1743 4029 1888 4094 idonens
1911 4029 1954 4112 ij:

396 4101 560 4166 reticuere
571 4109 758 4192 scriptores.
781 4109 969 4178 Verisimile
978 4123 1039 4182 est,
1057 4129 1136 4193 quo·
1194 4121 1361 4195 Quoddcm
1376 4125 1542 4202 simpulum
1554 4145 1660 4208 penus
1678 4133 1866 4194 vestimenti
1882 4135 1957 4194 ber·

396 4199 484 4284 uiam
498 4203 561 4268 hoc
575 4229 658 4272 anno
673 4223 907 4273 commoratum
922 4229 996 4272 eum
1012 4209 1046 4270 in
1060 4209 1135 4272 Gai·
1193 4221 1301 4281 bars'co
1310 4241 1396 4284 more
1411 4229 1559 4304 incisum,
1582 4241 1794 4296 etconsutscm
1809 4237 1958 4297 inlacer-

395 4298 441 4361 lia
458 4318 600 4382 constat,
629 4309 752 4392 aliquid
772 4311 833 4394 ipsi
854 4311 904 4374 rei
921 4333 995 4375 cum
1018 4309 1134 4375 vicinis
1191 4340 1253 4380 nee
1266 4326 1393 4384 modum
1405 4329 1537 4404 invenit,
1555 4353 1618 4413 quo
1636 4337 1959 4418 etipscfrcqrsesstis·

399 4397 569 4472 cernuis
584 4404 703 4485 fuisse,
731 4424 828 4495 atque
844 4431 886 4473 ex
903 4413 971 4532 Ipsi
995 4412 1133 4480 victoris
1190 4425 1270 4486 sisse
1285 4429 1448 4504 utebatur,
1474 4434 1525 4492 ita
1542 4436 1720 4497 etidcirco
1735 4439 1955 4503 cAuAcAt·

440 4641 470 4710 ²)
490 4643 677 4717 Papum.
747 4649 1108 4724 spelmannum.
1177 4667 1207 4738 e)
1225 4653 1413 4732 inCsraerc.
1431 4685 1478 4737 to.
1548 4674 1585 4752 d)
1622 4655 1626 4662 ⁴
1710 4684 1748 4748 67
1798 4727 1805 4741 .
1925 4687 1934 4702 “

404 4723 584 4794 Caracaecu.
654 4733 939 4813 obcaecati.
1010 4750 1044 4825 g)
1065 4751 1137 4846 Cap.
1155 4765 1197 4816 10.
1266 4758 1537 4836 minusue&
1595 4769 1776 4846 unm
1855 4819 1861 4834 .
1902 4819 1912 4836 .
1950 4755 1967 4830 -y
