4186 5492
410 475 486 560 aaa
993 431 1314 538 eirtntrrvs
1351 459 1379 534 1.

406 627 500 722 fecti,
523 645 605 710 etad
622 645 783 714 ardumum
793 643 1066 732 fastigium,quo
1086 662 1155 710 ten·
1211 647 1263 709 lus
1286 663 1369 730 anno
1398 643 1510 727 priore
1534 635 1687 726 signatus*
1705 637 1826 700 borum
1850 627 1957 700 solen·

409 747 490 814 dere
523 747 669 812 conditio
696 747 843 810 mortalis
875 760 1002 832 potest,
1035 747 1153 812 uirtute
1210 748 1299 809 nium
1319 743 1517 808 mentionem
1542 742 1635 818 facit,
1658 755 1690 805 at
1716 740 1880 804 habemus
1904 757 1958 802 eo·

407 827 446 912 ab
471 847 645 910 tolerantia
671 849 771 913 enixi.
815 853 895 912 Tam
931 847 1154 911 memorabilis
1211 849 1340 932 piosos,
1375 845 1431 931 qui
1455 865 1528 907 cum
1553 843 1604 905 his
1631 842 1717 906 ludis
1747 839 1957 904 consulatum

407 949 540 1012 fortuna
576 948 660 1010 nulli
695 949 835 1034 imperio
872 963 937 1012 tem
972 951 1155 1014 liberaliter
1211 951 1266 1011 111.
1284 947 1429 1031 Philippi
1456 945 1572 1030 patris,
1594 957 1650 1006 aut
1673 945 1713 1003 ll.
1733 939 1795 1002 lilii
1822 938 1957 1020 conjun-

409 1069 447 1113 ac
471 1049 606 1134 profuse
629 1069 785 1114 concessa
807 1051 958 1114 omnibus
984 1051 1073 1114 orbis
1100 1075 1153 1116 co·
1212 1063 1311 1134 gunt,
1334 1067 1417 1132 quae
1433 1060 1508 1108 sunt
1533 1058 1624 1110 certa
1645 1043 1767 1106 iudicia
1787 1041 1867 1102 anni
1884 1051 1956 1122 post

408 1150 491 1234 gniti
517 1151 669 1235 gentibus
700 1165 754 1214 aut
781 1151 907 1215 servire
936 1153 1076 1230 coactis,
1098 1170 1152 1218 aut
1210 1153 1377 1216 Christum
1407 1149 1480 1224 alil.
1523 1149 1679 1211 Ceterum
1706 1160 1818 1227 neque
1838 1141 1956 1210 Victor

404 1251 585 1330 adnomen
609 1251 857 1336 Intrepidum,
880 1253 1153 1320 merebaturom-
1205 1255 1400 1318 adversatur
1444 1270 1528 1314 anno
1572 1269 1692 1312 annum
1732 1242 1955 1306 millenarium

377 1421 380 1430 ,
406 1351 504 1416 nibus
529 1353 755 1428 caerimoniis,
785 1355 1018 1438 gratulatione,
1040 1377 1078 1420 ao
1104 1360 1152 1421 lu·
1210 1351 1442 1437 consequenti,
1463 1374 1537 1416 nam
1563 1350 1713 1434 queritur
1736 1347 1788 1426 b)·,
1822 1365 1883 1406 sua
1909 1361 1957 1406 ae·

408 1450 526 1516 dorum
553 1454 984 1538 magnificentiaeelebreri.
1028 1461 1153 1543 Coepe-
1210 1465 1370 1536 tate'post
1391 1475 1491 1518 annos
1524 1453 1614 1532 mille
1638 1447 1861 1513 centesimum
1885 1463 1957 1506 eou-

407 1567 458 1616 rat
478 1555 506 1615 is
531 1577 633 1618 onnus
659 1555 871 1639 spurilibus,
895 1559 964 1621 sire
988 1557 1041 1622 die
1064 1562 1150 1624 XXl.
1210 1557 1281 1618 sule
1303 1555 1457 1639 Philippo
1476 1551 1673 1626 excessisse,
1696 1549 1820 1623 nullis,
1844 1545 1895 1608 uti
1910 1565 1956 1606 so·

407 1653 531 1736 Aprilis
561 1655 634 1716 anni
663 1657 813 1738 proxime
843 1657 964 1742 elapsi,
1005 1661 1060 1744 qui
1089 1661 1179 1725 fuit·
1209 1655 1272 1730 let,
1295 1655 1485 1719 solennibus
1500 1654 1755 1737 frequentatum.
1777 1646 1953 1711 AtbicFl.

405 1769 481 1838 post
498 1753 663 1818 Christum
687 1769 797 1818 natum
821 1767 899 1840 247,
922 1775 956 1822 et
976 1763 1077 1824 exivit
1097 1783 1153 1824 eo·
1208 1757 1353 1842 Philippi
1379 1758 1567 1820 consulatus
1594 1753 1682 1817 cadit
1706 1754 1740 1814 in
1767 1749 1953 1812 annum-X.

288 1883 295 1896 ·
407 1854 485 1918 dem
512 1855 566 1916 die
589 1855 664 1917 anui
690 1861 882 1939 praesentis.
935 1863 972 1922 ln
997 1862 1151 1926 ludorum
1209 1862 1247 1923 C.
1275 1879 1350 1922 rror
1377 1861 1415 1920 P.
1435 1859 1476 1919 X.
1502 1857 1584 1932 348,
1613 1853 1702 1940 quod
1725 1862 1953 1934 argumentum
2073 1937 2074 1954 7

407 1953 513 2018 omnis
540 1956 672 2039 generis
697 1958 791 2041 copie
812 1971 845 2021 et
862 1959 996 2046 ingente
1019 1987 1152 2048 appara·
1207 1961 1271 2044 iem
1298 1958 1653 2024 attulitTiilemontius
1675 1957 1719 2036 0).
1747 1957 1802 2016 Ex
1821 1971 1890 2034 quo
1906 1969 1954 2031 ap·
2073 1997 2074 2012 .

405 2066 443 2115 tu
474 2055 664 2138 conspirant
691 2059 843 2141 quidem,
881 2063 936 2146 qui
965 2077 1150 2148 supersunt,
1207 2076 1318 2146 paret,
1341 2059 1746 2142 constituissePhilippum
1759 2051 1893 2117 nonnisi
1906 2071 1953 2112 ex·

406 2168 558 2218 auctores
592 2171 739 2235 veteres,
771 2181 886 2223 rerum
918 2163 953 2224 in
977 2187 1060 2226 anno
1088 2165 1152 2226 dis·
1207 2153 1953 2241 sctisannismillehosludosperagere.Cas·

406 2256 567 2333 cendunt,
591 2279 656 2342 quo
677 2259 836 2323 celebrati
857 2263 892 2324 hi
914 2263 993 2326 ludi.
1024 2267 1149 2326 Eorum
1207 2263 1357 2328 siodorus
1375 2267 1409 2324 et'
1426 2264 1648 2351 Hieronymus
1663 2273 1840 2332 testantur,
1863 2254 1952 2316 ludos

405 2357 448 2418 D.
471 2358 691 2438 Hieronymus
717 2361 757 2422 ad
773 2385 874 2426 annos
895 2379 968 2448 post
984 2364 1148 2428 Christum
1206 2366 1383 2428 theatrales
1415 2365 1449 2426 in
1475 2366 1597 2447 Campo
1622 2361 1744 2424 Martio
1769 2357 1951 2420 celebratos

405 2458 468 2531 245
485 2472 520 2520 et
544 2459 605 2532 aab
622 2461 780 2524 meminit.
814 2465 953 2530 Orosius
972 2480 1005 2528 et
1020 2469 1150 2530 lotnan·
1206 2467 1310 2530 tribus
1331 2465 1447 2530 diebus
1470 2487 1508 2529 ac
1531 2463 1684 2528 noctibus
1707 2463 1835 2546 populo
1852 2454 1952 2543 perti·

285 2551 288 2560 ’
406 2556 465 2620 des
479 2559 672 2620 constitutos
696 2561 851 2628 adserunt
873 2582 987 2642 exacta
1004 2567 1149 2650 Philippi
1206 2568 1347 2653 gilante,
1371 2588 1436 2651 quo
1458 2567 1637 2642 docemur,
1660 2577 1732 2653 aeta
1756 2577 1828 2624 tum
1853 2579 1949 2623 eres·

405 2657 568 2734 triennio,
590 2659 678 2741 quod
703 2681 818 2728 reuera
848 2666 882 2728 in
905 2689 1022 2730 annum
1046 2671 1083 2729 P.
1107 2667 1148 2750 X.

338 2799 342 2810 ·
404 2765 482 2840 2227,
507 2778 566 2820 seu
588 2760 695 2842 ipsum
722 2785 839 2830 annum
861 2769 1071 2832 millesimum
1096 2789 1148 2832 ca·

406 2859 464 2922 dit.
496 2861 680 2943 Capitolino
706 2867 768 2928 atui
796 2868 950 2934 dicuntur
971 2871 1005 2932 in
1032 2891 1148 2933 contu·

403 2959 475 3022 latu
502 2960 732 3044 Philipporum
766 2969 813 3044 ¹),
851 2971 998 3034 oratione
1032 2970 1146 3048 dubia,

404 3077 480 3122 nam
505 3059 632 3122 duobus
659 3065 749 3126 snnis
773 3069 954 3145 continuis,
976 3089 1094 3153 nempe
1107 3074 1145 3136 Ρ.

403 3159 445 3218 X.
461 3165 523 3238 247
548 3171 580 3220 et
602 3161 663 3234 248
686 3185 748 3226 una
773 3185 964 3246 processere
983 3173 1145 3234 consules.

402 3259 445 3316 At
468 3257 666 3322 Cassiodoro
693 3266 882 3330 consulibus
907 3271 1088 3334 Aemiliano
1112 3287 1145 3336 et

392 3355 578 3442 ¹Aquilino,
609 3362 682 3445 qui·
700 3349 893 3445 proceriore
926 3391 1009 3433 anno
1038 3374 1075 3433 P.
1103 3375 1142 3434 X.

283 3477 287 3485 .
403 3467 476 3536 atq.
508 3457 543 3518 si
564 3457 659 3522 ludos
678 3462 739 3524 bos
755 3484 795 3526 ex
813 3467 952 3530 nominis
975 3471 1051 3554 lege
1071 3495 1143 3555 spc-

403 3553 493 3634 cl'es,
522 3559 706 3625 celebratos
740 3568 884 3648 oportuit
916 3591 1000 3635 anuo
1034 3571 1072 3637 P.
1105 3574 1144 3634 X.

401 3663 489 3734 247,
510 3657 663 3724 nimirum
683 3685 767 3726 anno
783 3667 854 3750 ipso
872 3671 1076 3748 millenario,
1100 3681 1145 3735 a‘t·

401 3777 466 3840 que
483 3759 663 3824 secundum
683 3765 766 3830 hanc
785 3768 892 3852 legem
910 3786 1000 3834 actos
1018 3793 1075 3837 ecs
1091 3795 1145 3836 sn·

400 3877 445 3918 no
465 3861 506 3927 V·
534 3861 569 3924 C.
598 3862 659 3928 800
689 3886 706 3926 a
737 3869 872 3930 Claudio
900 3885 1037 3935 constat.
1080 3877 1144 3936 lle·

399 3975 478 4021 vera
501 3961 681 4040 Barouius,
713 3967 832 4050 aliique
855 3973 1005 4034 nonnulli
1026 3991 1140 4034 recen·

400 4053 502 4119 tiores
533 4061 673 4126 eundem
705 4086 822 4128 annum
857 4081 919 4150 247
946 4073 1151 4138 maluerunt:

1205 2689 1259 2744 se,
1283 2688 1367 2752 quae
1380 2667 1467 2730 ludis
1484 2665 1707 2730 saecularibus
1718 2663 1850 2749 agenda
1865 2680 1951 2745 pras·

1205 2769 1320 2833 scribit
1345 2771 1496 2832 Zosimus
1512 2769 1558 2848 d).
1603 2766 1811 2850 Capitolinus
1829 2765 1949 2834 leones,
2073 2761 2074 2770 ’

1205 2871 1420 2954 elephantos,
1456 2869 1601 2952 aliasque
1634 2867 1722 2929 feras
1763 2879 1949 2932 enumerat,

1204 2993 1283 3056 quas
1299 2971 1491 3033 »Gordianus
1514 2967 1636 3032 Illud
1661 2971 1836 3032 Persicum
1862 2985 1950 3028 suum

1202 3071 1405 3155 triumphum
1427 3071 1628 3142 reservarit,
1658 3083 1714 3132 aut
1738 3065 1950 3152 congregarit

1202 3173 1292 3256 ipse,
1315 3171 1374 3234 sed
1400 3192 1480 3255 quas
1505 3171 1645 3236 subinde
1666 3171 1845 3254 Philippus
1871 3166 1950 3230 ludis

1203 3274 1425 3336 saecularibus
1456 3275 1509 3337 rel
1543 3272 1654 3346 dedit,
1686 3273 1741 3336 sel
1765 3269 1889 3334 occidit
1912 3270 1949 3344 ι·).

1201 3374 1309 3437 Lubet
1339 3375 1371 3436 in
1405 3389 1565 3459 sequente
1594 3374 1748 3455 catalogo
1777 3390 1949 3433 nemorum

1199 3475 1322 3536 saeculi
1351 3475 1498 3538 milliarii
1530 3476 1665 3539 testium
1690 3487 1839 3557 ¹propter
1861 3492 1950 3554 argu·

1202 3575 1303 3635 menti
1322 3575 1533 3638 concordiam
1552 3577 1759 3660 conjungere
1781 3574 1880 3634 etiam
1896 3590 1949 3630 nu·

1202 3695 1273 3736 mos
1295 3677 1441 3761 Philippi
1465 3678 1534 3760 jun.
1564 3691 1598 3740 et
1624 3676 1792 3743 Otaciliae
1820 3673 1859 3736 etl
1884 3691 1949 3733 eos·

1202 3772 1276 3836 deut
1296 3775 1393 3862 ludus
1410 3779 1627 3862 pertinentes.

1199 3976 1241 4039 A.
1257 4059 1266 4079 ι
1340 3980 1429 4041 ῙΜΡ.
1444 3979 1844 4048 ut.WL.PHtL1ers.
1854 3969 1947 4088 ffll'

1345 4083 1448 4160 Caput
1461 4085 1546 4146 laser.
1564 4086 1710 4163 Philippi
1724 4087 1753 4144 1.

381 4155 444 4216 'At
467 4157 617 4243 plerique
645 4165 840 4252 chronologi
863 4171 919 4233 alii
947 4194 1065 4236 anuum
1091 4197 1141 4238 se·
1198 4177 1448 4246 MILlAIilVM.
1475 4183 1732 4254 sAEcvuvu.
1759 4185 1794 4246 S.
1819 4183 1856 4246 C.
1887 4183 1947 4257 ίῖρ·

402 4269 554 4333 ‘luemem
588 4263 649 4332 24ss
672 4270 859 4348 praetulere
890 4275 1036 4355 persuasi
1061 4275 1143 4336 inri-
1192 4300 1273 4358 par,
1296 4287 1350 4343 cui
1367 4287 1567 4366 inscriptum.
1592 4285 1689 4352 COS.
1712 4288 1759 4348 111
1785 4287 1852 4348 ΔΕ.
1874 4285 1896 4344 l.
1911 4282 1945 4342 ll
2073 4287 2074 4336 l

402 4357 647 4449 etonnumorirut
672 4366 876 4450 testimonio,
907 4395 1046 4458 quorum
1070 4377 1141 4438 nul·
1200 4379 1300 4460 (Mus.
1319 4385 1427 4463 Caes.)
1543 4447 1548 4450 .

417 4493 1941 4555 Ἣ

440 4577 471 4641 ει)
489 4575 757 4680 in'Gordianp‘lll.
777 4611 801 4647 c.
820 4603 864 4656 33.
955 4599 989 4672 b)
1009 4603 1040 4662 iu
1060 4603 1206 4664 Cucsarih.
1226 4603 1280 4668 suh
1301 4607 1468 4690 Philippo„
1547 4615 1579 4689 c)
1597 4613 1678 4674 Nota
1698 4613 1751 4674 Vl.
1772 4615 1803 4674 iu
1821 4611 1944 4690 Philipp.

404 4657 436 4722 (Ι)
455 4658 486 4714 Ι..
506 4660 542 4717 ll.
562 4664 615 4721 sub
636 4681 697 4726 tntt.
769 4681 799 4748 e)
820 4679 850 4738 iu
869 4681 961 4747 (iord.
981 4689 1002 4752 l.
1022 4713 1047 4754 c.
1181 4693 1184 4700 ⁴
