4220 5504
735 475 1109 599 CARACALLA,

140 695 184 738 eo
203 649 351 744 certum,
375 665 526 753 qnoniam
547 664 616 746 ejus
635 663 769 751 generis
781 663 817 724 iu
834 663 891 724 Se·

141 777 233 852 reri,
256 784 289 836 et
317 790 399 856 qnae
416 769 480 834 lroc
502 769 608 831 adhuc
632 768 813 850 imperante
838 777 900 826 re·¹

141 877 277 961 pudiats
294 873 376 966 luit,
406 867 582 932 Plautillse
602 883 732 933 moneta
751 859 818 930 'raon
835 865 892 928 lta-

140 980 274 1041 beuter.¹
300 967 890 1051 EtiambujusmodiGetaedeficiunt.

145 1081 269 1155 Primi,
300 1075 356 1159 qui
382 1085 491 1136 notam
521 1071 789 1154 chronologicam
811 1067 892 1131 offe·

143 1196 244 1257 runt,
280 1174 439 1240 'exhibent
464 1172 651 1235 Caracallae
683 1169 891 1234 tribuniciam

142 1293 342 1368 potestatem
365 1276 503 1352 XVIII„
542 1276 602 1338 hac
628 1275 774 1358 priorem
810 1293 891 1356 gaza

147 1386 386 1468 Caesareanum
395 1376 503 1439 babet.
527 1377 608 1438 Sunt
623 1375 719 1438 etiem
730 1374 890 1448 Domnee,

145 1503 268 1567 nempe
292 1502 354 1566 per
390 1476 652 1565 liliiimperium
678 1475 806 1559 signati.
840 1473 893 1537 Ad

146 1583 238 1670 quod
263 1583 329 1645 no’n
346 1580 486 1644 advertit
502 1577 695 1653 Bimardus,
718 1577 774 1662 qui
796 1596 892 1638 cusos

146 1687 182 1748 id
202 1705 306 1770 genus
320 1703 436 1747 numos
452 1681 516 1764 jam
534 1679 593 1754 sub
611 1679 736 1742 Severo
754 1675 835 1739 dixit
851 1680 904 1758 ¹),·

139 1787 308 1871 deeeptus
332 1784 419 1846 haud
441 1781 557 1855 dubie,
587 1779 661 1864 quia
685 1779 781 1862 hujus
805 1799 894 1843 com-

1617 507 1687 574 tat

946 678 1094 748 pucroet
1106 662 1234 750 privato
1248 663 1320 741 luit,
1341 665 1480 730 inditum
1498 689 1538 733 ex
1556 675 1689 740 nomine

948 765 1000 827 ari
1024 765 1163 829 materni
1178 764 1230 845 ¹²),
1269 767 1479 853 duravitque,
1518 771 1623 837 donec
1647 777 1688 841 ab

946 867 1071 930 intrusa
1104 868 1258 931 Antonini
1285 869 1505 953 appellatione
1538 879 1690 940 extrude-

948 983 1050 1032 retur.
1080 971 1218 1033 Peracta
1237 970 1306 1054 ejus
1323 971 1423 1034 caede
1441 993 1503 1057 per
1517 963 1693 1045 commune·

950 1071 1096 1132 omnium
1119 1071 1231 1136 odium
1255 1073 1428 1135 Bassianus
1457 1097 1587 1142 rursum
1615 1089 1692 1146 con-i

949 1171 1098 1254 temptirn
1116 1165 1181 1234 didi
1198 1174 1308 1258 coepit
1324 1173 1365 1252 ⁰).
1388 1177 1510 1242 ¹Verum
1528 1183 1561 1242 in
1578 1175 1692 1248 monu-

949 1273 1067 1334 mentis
1077 1273 1217 1356 publicis
1234 1292 1354 1338 nomen
1366 1275 1452 1338 istud
1463 1284 1521 1344 seu
1535 1286 1690 1364 nativum,

950 1393 1007 1436 seu
1023 1363 1295 1437 contumeliosum
1313 1397 1379 1460 non
1397 1380 1529 1464 legitur.
1644 1396 1646 1400 ·
1669 1372 1672 1377 ’
1698 1403 1700 1406 ·

1016 1480 1058 1538 Μ.
1078 1481 1230 1538 Aurelius
1244 1484 1436 1542 Antoninus.
1463 1483 1602 1548 'illustre
1628 1487 1692 1554 llou

948 1597 1070 1638 nomen
1086 1575 1156 1640 lilio
1172 1597 1233 1662 pro
1250 1577 1391 1642 obscuro
1410 1583 1561 1660 Bassiani
1575 1587 1693 1654 indidit

951 1679 1112 1754 Severus,
1144 1700 1218 1742 cum
1241 1702 1315 1743 eum
1337 1681 1508 1747 Caesarem
1535 1687 1618 1771 apud
1638 1689 1723 1756 vi-„

950 1779 1124 1842 minacium
1150 1783 1345 1866 appellarit,
1362 1797 1413 1844 ‘ut
1431 1786 1535 1848 resera
1550 1790 1697 1881 Spartica

147 1889 245 1952 matis
272 1905 388 1948 numos
416 1906 489 1947 curn
509 1884 614 1966 capite
628 1883 776 1944 Domuae
803 1881 892 1945 ride·
950 1902 1011 1942 nus
1028 1879 1080 1959 d),
1104 1882 1332 1982 quodfactum
1352 1883 1492 1949 diximus
1509 1889 1548 1954 V.
1569 1891 1604 1954 C.
1621 1901 1694 1976 949,
1744 1899 1765 1916 ··

145 2005 218 2064 ταῖς
254 2003 285 2051 at
310 1989 342 2049 in
356 1987 407 2049 his
432 1983 588 2068 capienda
611 2003 677 2044 non
698 1996 747 2046 est
765 1985 893 2046 Dumna
950 1981 1054 2044 Datae
1072 1983 1142 2066 ejus
1158 1985 1384 2068 appellationis
1400 1986 1550 2054 frivolam
1565 1999 1695 2058 causam

149 2090 387 2163 Severinum,
410 2085 671 2150 sedCaracsllae
693 2097 808 2148 mater.
829 2089 894 2147 Nc·
951 2083 1076 2160 adfert,
1117 2085 1204 2168 quod
1233 2089 1451 2152 somniaverat
1478 2106 1571 2175 pater
1595 2095 1697 2160 Anto·
1820 2134 1823 2140 ·

150 2209 218 2277 que
242 2210 304 2274 per
321 2189 507 2253 caracallae
529 2202 669 2264 mortem
696 2186 813 2248 m'odns
839 2185 893 2249 hio
950 2185 1062 2246 ninum
1087 2185 1149 2246 sibi
1174 2197 1419 2265 successurum,
1454 2213 1549 2277 quarn
1575 2197 1697 2280 repetit

151 2291 313 2363 abolitust
344 2305 417 2355 nem
447 2281 579 2352 duravit
604 2289 638 2349 iu
661 2287 798 2371 imperia
824 2289 894 2350 Ma·
951 2307 1082 2371 quoque
1102 2290 1310 2373 Lampridius
1327 2293 1367 2374 e).
1400 2293 1562 2376 Spartiani
1581 2299 1695 2360 rerisi.

150 2393 248 2470 crini,
271 2391 484 2478 etElagabali
499 2409 736 2454 successorum.
759 2389 898 2453 Macrini
955 2389 1067 2450 milior
1081 2389 1183 2451 altera
1199 2405 1267 2467 est,
1290 2395 1441 2476 quonium
1460 2397 1603 2460 Severus
1625 2401 1696 2482 ipse

147 2509 279 2560 exstant
311 2515 376 2556 non
399 2494 511 2576 pauci,
547 2493 692 2554 rariores
717 2491 894 2555 Diadume·
955 2489 988 2550 in
1003 2489 1107 2552 Marci
1125 2491 1279 2554 familiam
1298 2497 1437 2558 transire
1459 2499 1581 2574 voluit,
1603 2501 1697 2562 nimi·
1743 2499 1773 2546 *¹

147 2599 259 2670 niani,
299 2593 470 2677 Elagabali
504 2596 712 2678 complures3
753 2611 794 2656 ex
826 2591 897 2672 ejus
954 2613 1027 2655 rum
1058 2607 1094 2654 ut
1126 2592 1207 2668 sibi,
1238 2607 1334 2678 atque
1366 2597 1517 2682 imposita
1541 2599 1698 2664 111101111-

150 2699 268 2762 aetatis
291 2697 423 2760 seminis
446 2701 594 2772 Maesae,
624 2693 898 2787 etAnpiaeFauss
954 2693 1058 2755 tonini
1077 2694 1296 2776 appellatione
1310 2697 1383 2779 plus
1402 2701 1622 2778 auctoritatis,
1653 2717 1698 2766 at·
1821 2743 1824 2750 «

150 2801 258 2863 atinae
290 2799 414 2861 similes
440 2811 580 2862 ostentat
610 2817 757 2858 museum
781 2798 896 2858 Caesa·
954 2815 1017 2879 que
1035 2795 1281 2858 existimationis
1299 2799 1450 2881 publicae
1480 2817 1697 2879 accresceret,

146 2921 265 2976 reum,
306 2917 340 2964 et
362 2901 534 2987 Elagabali
569 2897 701 2984 quidem
736 2902 896 2982 postremi
954 2896 995 2959 de
1013 2916 1078 2980 quo
1093 2897 1253 2981 prolixius
1270 2899 1323 2982 egi
1342 2900 1375 2962 in
1393 2903 1517 2964 Serere
1534 2903 1619 2970 V.C.
1636 2905 1699 2984 948

149 3017 226 3065 sunt
238 3001 395 3066 cumtrib.
410 3015 571 3088 potestate
584 3003 624 3062 11.
648 3004 783 3074 Tamen,
808 2997 896 3082 qnod
953 2996 995 3061 ad
1021 3019 1173 3060 numum:
1201 2999 1303 3067 DlVl.
1329 3004 1374 3062 M.
1400 3005 1466 3065 Pll.
1487 3005 1525 3066 F.
1570 3005 1698 3101 Quanta

150 3103 414 3179 observandum,
456 3125 523 3166 non
557 3121 729 3170 cessavere
770 3101 896 3162 interea
954 3120 1034 3164 vero
1066 3099 1168 3162 fuerit
1202 3121 1241 3164 ea
1276 3116 1382 3165 aetate
1418 3107 1608 3187 superstitio
1642 3129 1708 3170 nor

149 3205 300 3292 at'gentei
319 3205 488 3280 ordinarii,
511 3219 544 3267 et
564 3205 667 3266 multo
685 3203 809 3286 maiore
828 3204 895 3288 qui·
953 3202 1050 3264 minis
1074 3204 1301 3282 Antoniniani,
1331 3205 1459 3268 abunde
1485 3206 1582 3271 docet
1605 3209 1701 3272 Lam»

152 3308 229 3370 dem
247 3305 342 3390 copia
360 3309 467 3370 leciri.
505 3309 580 3369 Non
599 3306 816 3368 observantur
835 3304 895 3366 sub
953 3303 1081 3389 pridius
1105 3302 1141 3388 1).
1772 3383 1777 3394 Ι

149 3408 490 3492 imperiolllexandri,
512 3407 682 3470 Maximini
699 3423 733 3470 et
747 3407 896 3490 priorum
1017 3397 1164 3471 Seuerus.
1195 3411 1324 3472 Nomen
1345 3407 1450 3486 istud,
1480 3419 1702 3497 u‘tutepatre
1800 3493 1806 3500 ἱ

150 3510 413 3588 Gordianorum,
451 3525 482 3574 ut
514 3523 700 3593 resumptus
733 3529 804 3570 mos
835 3505 896 3570 sub
952 3506 1209 3584 hereditarium,
1238 3530 1346 3594 neque
1369 3512 1564 3594 scriptores,
1592 3535 1702 3600 neque

149 3612 310 3689 Balbino,
333 3627 367 3678 et
384 3614 544 3697 Pupieno,
567 3632 604 3675 ae
619 3610 795 3694 praecipue
814 3608 900 3671 Gor·
952 3611 1045 3672 numi
1071 3611 1180 3672 Latini
1201 3611 1386 3677 Caracallus
1420 3612 1600 3676 adstruunt.
1640 3621 1701 3679 Ts-

149 3714 249 3790 diano
265 3715 343 3791 lll.,
373 3713 435 3776 sub
458 3735 522 3798 quo
540 3711 796 3796 frequentissimi
822 3721 903 3773 sunt·
954 3731 1030 3774 meu
1056 3711 1091 3772 iu
1120 3711 1227 3772 nuruis
1253 3712 1450 3774 Graecarum
1477 3714 1605 3777 urbium
1636 3717 1703 3778 fro·

149 3816 230 3879 nori
261 3813 360 3898 hujus
393 3815 531 3878 instituti
563 3815 672 3890 numi,
711 3828 745 3877 et
767 3811 899 3876 durarit
955 3827 1095 3898 quanter
1118 3812 1238 3875 dicitur
1263 3807 1521 3891 CGOTHPOC,
1548 3831 1587 3879 ut
1611 3829 1646 3881 et
1667 3819 1700 3880 in

147 3916 252 3992 illud,
288 3915 365 3996 dnm
396 3935 450 3978 res
480 3915 660 3980 monetaria
684 3937 816 4000 pessum
848 3913 897 3978 ire
956 3913 1173 3978 marmoribus
1196 3913 1322 3977 Latinis
1338 3915 1381 3996 e).

149 4017 273 4102 coepit.
298 4017 437 4082 Factum
455 4017 612 4102 exposui,
640 4031 674 4079 at
693 4019 771 4085 nori
798 4017 899 4081 moris
1018 4021 1107 4081 Pius.
1136 4017 1211 4080 ldoo
1227 4017 1276 4080 illi
1292 4035 1412 4080 nomen
1432 4035 1506 4080 cum
1525 4032 1636 4102 putre,
1666 4033 1701 4084 et

149 4139 351 4184 causamme
368 4121 522 4206 ignorare
539 4117 708 4204 proliteor.
955 4117 1059 4181 l'ratre
1088 4138 1267 4184 commune.
1303 4117 1404 4198 (Vide
1426 4121 1625 4202 esserum).
1650 4123 1701 4186 Eo

955 4219 990 4281 in
1006 4219 1114 4282 numia
1129 4221 1177 4280 uti
1189 4212 1531 4305 coepitannodernum
1542 4223 1701 4308 1.(19511,ι

631 4407 632 4414 ἵ
958 4325 995 4385 ln
1011 4343 1116 4400 numo
1130 4324 1258 4386 Graeco
1275 4317 1416 4386 [laroc
1432 4321 1475 4405 ¹¹).

214 4429 407 4490 Bassianus.
449 4429 524 4490 Hoc
558 4443 680 4488 nomen
713 4423 765 4489 illi
792 4423 901 4490 adbuc
1022 4427 1127 4488 Folia.
1157 4426 1256 4488 Hune
1271 4423 1593 4512 titulumoollegit'tt
1606 4417 1703 4494 Gom·

346 4285 488 4354 Nomina
511 4291 708 4352 caracallae.

186 4665 219 4735 ι)
240 4659 404 4719 adlobcrt.
423 4629 457 4718 Ti
476 4659 497 4717 l.
512 4659 605 4736 p.,6o.
661 4656 695 4732 b)
715 4657 822 4719 Victor
834 4657 908 4718 altor
921 4659 953 4716 iu
968 4661 1073 4720 Carae.
1140 4660 1170 4732 c)
1190 4653 1512 4737 ui0L.Lxxv111.s.
1534 4679 1561 4739 9.
1618 4662 1652 4740 d)
1670 4663 1702 4724 in

151 4753 217 4812 Sar.
234 4770 259 4812 c.
279 4765 321 4814 to.
358 4753 389 4826 e)
408 4748 440 4815 iu
455 4747 584 4808 Diadum
600 4767 626 4812 c.
644 4751 671 4814 6.
707 4748 777 4822 illa
797 4770 829 4832 e,
878 4752 910 4829 g)
931 4750 1047 4810 Gruter.
1067 4769 1097 4828 ι).
1112 4752 1176 4818 267·
1195 4761 1222 4814 t.
1258 4748 1294 4827 b)
1313 4749 1441 4812 Patierin
1456 4755 1523 4814 Mel.
1539 4755 1576 4816 11.
1591 4777 1622 4838 p.
1640 4768 1701 4822 1⁵1.
1774 4832 1781 4844 ·
