4186 5492
586 465 890 558 nasutum,
927 461 1224 540 PVPIENVS.

277 812 286 858 ,
558 709 838 822 sanamus
874 719 940 817 ar
973 708 1255 814 'ermanno

206 913 326 1030 indito
338 963 464 1024 Romae
474 953 717 1021 Gordianorum
731 953 765 1014 in
774 949 888 1016 Airioa
941 959 1020 1034 post
1043 947 1168 1010 milites
1191 943 1306 1032 aegri,
1333 895 1526 1030 quaenunt
1549 947 1690 1036 Augusti

10 1087 19 1106 ⁸
138 1069 301 1156 interitu,
319 1077 353 1128 et
371 1057 550 1124 Maximino
568 1077 643 1121 oum
665 1052 775 1118 valido
792 1073 887 1116 exer·
942 1068 1011 1112 uon
1026 1069 1048 1112 s
1069 1068 1124 1126 se,
1147 1050 1207 1112 se'd
1230 1066 1344 1116 senatu
1361 1053 1442 1118 lecti
1463 1066 1590 1129 essent,
1614 1074 1689 1117 cum

140 1173 213 1236 citu
236 1167 358 1232 ‘ltaliae
393 1160 585 1225 imminente
622 1169 753 1220 senatus
788 1153 890 1238 trepi-
944 1170 1055 1236 neque
1079 1151 1143 1236 ipsi
1165 1153 1254 1216 inter
1281 1175 1318 1218 se
1345 1157 1423 1218 satis
1452 1153 1690 1239 conspirarent,

140 1275 204 1337 dus
225 1272 261 1336 in
290 1265 450 1352 templum
476 1260 564 1327 loris
594 1257 769 1342 Capitolini
791 1255 890 1319 advo·
946 1265 1042 1336 napta
1065 1255 1240 1318 occasione
1258 1255 1411 1319 luddruua
1429 1255 1690 1340 Capitolinorum

142 1377 210 1452 int,
237 1388 391 1455 novoque
419 1363 572 1446 exemplo
609 1359 691 1421 duos
720 1359 887 1446 Augustos
944 1352 1059 1414 ambos
1084 1355 1176 1416 omni
1207 1357 1299 1442 prins
1322 1358 1521 1421 contumelia
1542 1353 1692 1420 adiectos

141 1487 280 1560 aequata
300 1481 463 1556 potestate
487 1477 578 1528 creat
603 1460 757 1526 Clodium
780 1459 889 1521 Balbi·
945 1452 1148 1519 interficiunt
1160 1459 1201 1526 V.
1211 1461 1247 1522 C,
1258 1477 1318 1541 opt
1335 1471 1476 1522 exeunte
1492 1459 1588 1531 Iulio,
1604 1437 1693 1540 pair.

142 1581 243 1652 nam,
264 1585 300 1638 et
320 1571 500 1635 Maximum
520 1564 718 1650 Pupienum.
751 1563 834 1654 Erat
850 1560 890 1623 il·
946 1575 1043 1641 quam
1067 1557 1244 1642 imperium
1267 1561 1300 1622 in
1323 1561 1472 1624 mentem
1491 1560 1626 1624 serrium
1646 1571 1694 1619 ra.

145 1679 179 1742 ie
198 1695 322 1762 genere
337 1671 580 1743 nobilissimus,
602 1666 790 1748 iterumque
813 1681 891 1726 uon·
944 1677 1071 1741 nuere,
1092 1674 1244 1744 utsupra
1266 1662 1300 1722 in
1317 1663 1496 1726 Maximino
1512 1661 1693 1726 uerisimile

146 1779 218 1854 sul,
251 1787 286 1840 et
306 1775 484 1838 multarum
520 1783 613 1832 antea
645 1761 890 1851 provinciarum
948 1759 1030 1826 dixi.
1049 1759 1135 1832 Vide
1149 1761 1394 1841 Herodianum,
1415 1779 1449 1826 et
1463 1761 1692 1849 Capitolinum.

18 1929 23 1937 -
143 1892 279 1957 rector,
308 1896 346 1941 ao
369 1888 502 1960 praeter
521 1881 683 1932 vetustam
703 1863 890 1949 prosapiam

145 1982 239 2062 (uam
268 1999 373 2066 genus
404 1975 527 2040 ducere
557 1993 576 2034 a
606 1969 763 2034 Cornelio
784 1967 891 2030 Balbo
1161 1971 1265 2033 Nm·
1282 1969 1491 2032 mmm.
1571 2021 1572 2024 Ἴ

145 2083 349 2168 Theophane
379 2073 595 2150 credebatur,
625 2069 683 2157 qui
710 2090 772 2154 per
793 2069 892 2133 Pom·
1123 2071 1161 2134 V.
1185 2073 1217 2132 C.
1237 2073 1314 2135 ort.
1333 2073 1370 2130 P.
1393 2071 1435 2130 Χ.
1456 2073 1530 2130 238.
1688 2115 1691 2122 .

143 2185 257 2271 peinm
288 2186 336 2250 Μ.
352 2180 531 2247 eivitatem
558 2173 740 2254 meruerat)
770 2191 799 2235 a
822 2191 892 2250 uno·
1057 2171 1121 2232 PR.
1149 2173 1184 2232 Ρ.
1209 2172 1301 2233 COS.
1321 2173 1370 2235 11.
1389 2172 1425 2229 P.
1448 2170 1491 2230 Μ.
1506 2173 1543 2230 Ρ.
1557 2170 1595 2232 Ρ.
1700 2227 1701 2230 ,

148 2287 337 2364 deuotione,
359 2277 574 2346 sanctimonia
593 2276 700 2351 uitae,
730 2273 892 2351 facundia,
1032 2271 1099 2336 An.
1118 2275 1197 2350 Pio,
1219 2271 1524 2336 marmorosum
1545 2289 1611 2330 ros.

146 2402 217 2454 tum
243 2403 277 2452 et
297 2385 414 2471 opibus
436 2377 646 2452 domesticis,
669 2389 703 2440 et
717 2395 829 2438 rerum
844 2375 895 2440 fo·
1643 2397 1649 2412 ι

147 2491 293 2555 tensium
316 2485 453 2550 seientia
474 2479 733 2547 commendatus,
767 2477 810 2540 At
830 2480 894 2540 Pn-
950 2471 990 2533 A·
1090 2475 1180 2537 IMP.
1204 2474 1325 2538 ctus,
1345 2473 1387 2534 D.
1406 2470 1531 2542 CAEL.
1550 2470 1699 2534 BALBI·

150 2589 373 2676 pienonuiius
388 2583 565 2668 imaginum
580 2571 892 2670 splendor,'verum
1025 2609 1026 2612 ¹
1091 2577 1189 2644 NVS.
1210 2577 1310 2646 AVG.
1341 2578 1443 2654 Caput
1470 2577 1634 2636 radiatum
1664 2577 1700 2636 irs

149 2689 266 2757 infimo
295 2691 372 2754 loeo
402 2701 496 2750 natus
516 2703 579 2770 per
604 2682 742 2746 militiae
762 2664 898 2746 laudeni
933 2738 946 2749 ,
1093 2681 1164 2740 Aa.
1180 2683 1258 2756 maj.
1276 2681 1359 2740 mad
1376 2679 1492 2749 etAE.
1510 2679 1556 2738 11.

97 2811 102 2816 ·
130 2792 277 2870 ‘manin
302 2811 380 2877 ¹quo
407 2791 541 2856 nomine
578 2807 723 2853 summos
760 2785 792 2847 in
824 2803 896 2866 rep.
951 2779 993 2844 B.
1093 2781 1182 2842 taff.
1207 2777 1329 2844 CAES.
1353 2775 1702 2852 nortmannum-

151 2895 380 2980 magistratus,
406 2902 504 2977 atque
534 2892 640 2977 ipsum
662 2888 758 2954 etiam
781 2905 899 2948 oonsu-
1022 2865 1029 2892 ’
1095 2881 1194 2950 NVS.
1214 2880 1313 2948 Ave.
1332 2871 1444 2956 ‘Caput
1465 2879 1645 2940 Iumentum
1665 2881 1701 2939 is
1731 2937 1736 2957 Ι

153 2997 257 3060 latum
277 3007 328 3058 est
353 2995 500 3080 adeptus.
538 2996 691 3058 Ceterum
714 3007 776 3074 per
790 2987 901 3049 ineos·-
1097 2987 1169 3046 Ate.
1185 2985 1262 3043 min.
1280 2983 1363 3042 mod.
1381 2991 1415 3042 et
1429 2983 1502 3041 Au.
1518 2981 1546 3040 1.

127 3111 268 3182 ¹ruptos
296 3116 427 3174 mores,
459 3109 493 3159 et
523 3096 665 3158 innatam
688 3090 897 3155 severitatem
956 3087 996 3156 C.
1094 3086 1184 3148 tate.
1209 3083 1244 3146 C.
1261 3084 1302 3142 D.
1323 3079 1450 3146 CAEL.
1472 3077 1717 3150 arnoldvs„

153 3199 280 3284 populo
309 3212 434 3260 auratos
459 3217 583 3284 aeque,
622 3217 660 3260 ao
691 3191 898 3268 formidatus.
1096 3187 1198 3253 AVG.
1224 3187 1324 3266 capua
1338 3185 1518 3248 lustrantem
1533 3184 1569 3244 iu
1584 3185 1658 3246 Ar.
1672 3190 1706 3242 et

152 3299 300 3384 Vulgato
319 3313 449 3364 senatus
466 3299 589 3382 judicio
606 3319 673 3362 non
698 3291 823 3382 quierit
840 3311 921 3376 po·-
1097 3291 1168 3353 Aa.

152 3402 271 3486 palus,
294 3401 370 3464 dum
390 3403 575 3467 Gordianus
590 3419 674 3484 puer
690 3395 829 3460 senioris
844 3411 901 3454 ne·
1236 3429 1256 3472 „
1319 3388 1338 3426 *
1400 3427 1422 3470 ,

153 3521 217 3587 pos
237 3504 360 3584 (tantus
385 3517 456 3567 erat
479 3504 556 3588 ¹sjns
580 3503 615 3564 in
634 3498 820 3564 Gordianos
846 3492 902 3556 ad·
1103 3492 1146 3554 Vr
1162 3493 1211 3551 Iit.
1228 3494 1269 3552 A·
1288 3497 1320 3550 et
1338 3491 1375 3550 B.

154 3602 279 3686 iectus)
319 3607 466 3670 Caesaris
499 3605 633 3670 nomine
676 3597 901 3686 insigniretur.
957 3591 1100 3658 AMOR.
1116 3588 1311 3657 Mv‘rvvtt.
1327 3585 1459 3652 AVGG.
1485 3587 1578 3648 Duae
1595 3587 1704 3646 dexte·
1762 3615 1764 3623 ·

159 3703 236 3801 Quo
253 3690 342 3770 farto
367 3709 534 3794 Pupienus
556 3705 597 3770 ad
613 3705 738 3768 bellum
756 3697 905 3764 Maximi·
958 3715 1017 3762 rae
1029 3699 1176 3774 junctae.
1202 3687 1273 3756 AV.
1301 3687 1427 3770 (Beger
1453 3682 1701 3752 rhenense.
1817 3729 1818 3732 ,

158 3805 398 3872 noiaeiendam
415 3803 769 3894 egressusBalhinoad
785 3800 902 3865 urbem
961 3800 1001 3860 Τ.
1018 3795 1060 3855 11.
1084 3814 1117 3877 p.
1140 3789 1221 3869 723,
1245 3790 1304 3852 sed
1329 3787 1422 3873 eujus
1445 3785 1528 3850 mihi
1551 3797 1703 3869 suspecta

157 3923 371 3988 remanente,
395 3930 578 3996 gravesque
598 3907 795 3978 seditiones,
818 3920 904 3986 quae
959 3893 1069 3976 fides.)
1091 3896 1161 3958 AR.
1185 3891 1317 3974 (Vaill.)
1393 3875 1400 3890 ’

158 4010 283 4074 auilites
304 4011 391 4076 inter
420 4031 459 4076 ao
488 4011 647 4096 populum
678 4019 812 4072 exortae
833 4002 905 4064 iue-
1102 4001 1226 4060 Eadem
1245 3997 1392 4057 Moeram

157 4125 258 4188 rant,
279 4133 449 4199 perpesso.
480 4115 585 4178 Caeso
605 4107 799 4173 inter'hneo
818 4102 905 4190 apud
962 4099 1159 4169 eumuna.
1178 4094 1344 4164 MVTVA.
1364 4087 1494 4158 AVGC»
1521 4089 1707 4154 Darem

161 4215 347 4299 Aquileiam
366 4214 545 4277 Maximino
566 4212 753 4298 Pupienus,
785 4208 841 4294 qui
864 4205 905 4270 ad
962 4208 1204 4277 tenerascere.
1227 4200 1295 4260 AR.
1320 4191 1450 4275 (Vaitt.)

159 4315 341 4399 parandam
355 4315 480 4380 beilum
495 4320 670 4380 Ravennae
685 4311 841 4375 haetenus
855 4326 908 4369 re·
1105 4305 1230 4365 Eadem
1250 4303 1396 4362 adversa.

160 4415 264 4492 stitit,
286 4436 442 4484 reversus
460 4420 494 4480 in
513 4417 649 4494 urbem,
672 4428 706 4478 at
719 4407 906 4475 incredibili
962 4398 1429 4470 FIDES.MVTVA.AVGG.
1449 4399 1710 4462 madramen
1829 4388 1832 4394 ’

155 4517 289 4594 xlaetitia
310 4521 482 4604 sooulega
504 4517 663 4595 Balbino,
681 4515 906 4601 patribusque,
956 4517 1104 4592 sanotae.
1126 4506 1195 4570 att.
1218 4499 1320 4584 (Mus.
1335 4499 1449 4584 Caes.)

162 4621 343 4707 aupopulo
367 4633 525 4706 exceptus
552 4633 614 4686 est.
649 4621 692 4683 At
710 4637 775 4682 nou
802 4613 907 4680 multo
971 4631 978 4640 ·
1101 4609 1386 4674 sanandorum

149 4935 158 4944 .
262 4825 351 4908 (701.
377 4825 465 4910 νη.)
1425 4803 1515 4899 oq·
