4186 5492
425 483 496 553 2„
988 417 1407 528 onnonutnvn'

423 661 496 710 tans
512 641 619 717 dedit,
645 641 708 724 jam
732 637 794 702 luit
810 655 948 700 numero
969 631 1161 710 secundom,
1217 637 1322 704 DIVI.
1347 632 1478 698 unctu·
1498 629 1722 696 artrocttttt.
1749 628 1835 694 Ftt..
1864 629 1965 696 Dtt't.
2068 623 2069 712 i

422 761 458 810 ut
471 743 655 810 videbimus
671 743 705 802 in
724 739 831 802 numia
846 737 1102 820 auni'seqoontis
1114 736 1162 798 in·
1220 737 1390 806 SEVERI.
1408 737 1506 802 NEP.

424 846 570 930 scriptis:
592 843 863 904 LIB.ll.'I'Il.P.
881 843 921 902 ll.
943 836 1163 924 Igiturprima
1504 878 1524 918 4
1586 833 1607 874 ⁸
1668 879 1688 918 ,
2068 879 2069 910 ,

423 937 504 1010 baec
521 945 722 1020 liberalitas,
751 963 847 1027 quam
869 941 1029 1004 adductus
1045 957 1163 1000 numus
1278 981 1281 988 .
1362 944 1482 1004 Antica
1500 941 1604 1001 naria.

420 1046 602 1134 praedicat,
633 1045 675 1109 ob
697 1045 937 1114 successionem
962 1043 995 1103 in
1020 1039 1162 1124 imperio
1218 1043 1255 1104 P.
1272 1043 1317 1102 Μ.
1335 1041 1404 1102 TR.
1423 1043 1459 1104 P.
1473 1039 1568 1104 COS.
1583 1043 1620 1102 P.
1637 1042 1676 1102 P.
1690 1042 1763 1103 nel:
1786 1035 1963 1101 PONTIF.

421 1162 555 1232 erogata
578 1147 656 1222 fuit,
700 1143 888 1229 etquidem
916 1142 956 1206 ob
982 1139 1163 1226 Elagabslo
1219 1141 1419 1202 unm.
1442 1145 1479 1204 Ρ.
1500 1147 1603 1206 Roma
1621 1143 1734 1204 radens
1755 1143 1787 1200 d.
1809 1140 1965 1202 Vs’clorio·

421 1250 575 1326 absente,
612 1247 705 1330 eujus
737 1244 923 1328 exemplum
949 1243 984 1304 in
1015 1241 1162 1306 Macrino
1220 1245 1294 1318 lom,
1317 1247 1496 1308 s.hastom.
1515 1245 1586 1306 AR·
1608 1243 1677 1305 AE.
1699 1243 1723 1304 1.
1747 1241 1790 1303 Il.

420 1369 551 1434 quoque
569 1349 728 1423 vidimus,
759 1359 792 1410 et
808 1345 911 1409 alters
928 1343 1003 1406 anni
1021 1340 1164 1426 proximi
1281 1344 1432 1428 Reliqui:
1456 1341 1843 1412 SALVS.ANTON1NI.
1864 1339 1963 1406 AVG.
2068 1413 2069 1418 η

420 1449 462 1512 ob
482 1449 553 1529 ejus
571 1449 605 1510 in
625 1447 741 1538 urbem
760 1445 951 1520 adventum,
982 1427 1040 1506 aui
1052 1443 1161 1508 verius
1216 1473 1261 1492 -·-
1288 1446 1509 1513 Vtcroutt.
1539 1445 1762 1509 ANTONlNl.
1798 1435 1902 1504 Avo.
1923 1473 1962 1488 -
2068 1431 2069 1516 ]

418 1549 462 1612 ob
493 1549 623 1633 nuptias
644 1549 782 1622 Paulae,
822 1565 960 1630 quarum
987 1545 1161 1608 occasione
1217 1543 1352 1614 VOTA.
1376 1549 1574 1616 PVBLICA.
1603 1546 1741 1630 aliique,
1778 1539 1963 1624 iuscriptIo-
2068 1535 2069 1552 ¹

416 1649 519 1722 luisse
542 1669 618 1712 eum
642 1651 677 1710 in
696 1667 809 1713 omnes
825 1645 957 1709 ordines
976 1643 1163 1708 munificum
1220 1646 1335 1728 nibus,
1357 1661 1391 1714 et
1407 1647 1492 1731 typis
1508 1645 1624 1712 obviis.

417 1749 517 1812 tradit
543 1750 667 1832 Diott).
710 1751 835 1812 Numns
859 1765 1016 1830 praesens
1047 1745 1169 1828 subac-¹
1588 1731 1593 1748 ⁸

417 1865 507 1914 ratus
531 1849 662 1935 quidem
688 1863 756 1926 cst,
795 1862 891 1934 atque
917 1847 979 1911 hoc
1002 1847 1043 1909 de
1065 1867 1162 1910 causa
1393 1855 1430 1914 V.
1454 1854 1486 1914 0.
1512 1858 1588 1915 972.
1609 1853 1644 1913 P.
1668 1851 1709 1912 X·
1720 1853 1801 1914 219.

418 1951 619 2016 auctoritatis
638 1969 750 2034 porse
768 1949 861 2014 levis.
899 1953 1024 2010 'I'smcn
1042 1951 1162 2010 attte-
1286 1953 1349 2016 ru.
1372 1955 1408 2014 P.
1429 1955 1474 2014 11.
1499 1953 1588 2014 COS.
1609 1947 1654 2012 11.
1676 1951 1712 2009 P·
1736 1949 1780 2010 tt.
1804 1949 1840 2008 P·
1861 1949 1897 2008 P.

418 2051 595 2115 dioborbus
614 2069 751 2114 aeneum
774 2070 847 2112 cum
864 2048 1062 2112 liberalitate
1086 2049 1161 2112 sim·
1253 2054 1418 2115 Antonino
1434 2055 1519 2133 Aua.
1537 2055 1582 2114 11.
1600 2053 1775 2114 Sacerdote
1792 2045 1839 2114 ll.
1855 2067 1916 2134 cor.

415 2153 503 2239 plice
525 2153 659 2228 recitat,
690 2165 722 2215 et
741 2171 814 2214 curn
833 2164 959 2214 certum
984 2150 1026 2212 sit
1044 2171 1085 2214 cx
1103 2171 1161 2212 nu·
1680 2148 1683 2154 “

416 2255 476 2316 mis
493 2253 594 2316 luisse
614 2254 826 2336 Elagabalum
843 2271 927 2316 suno
944 2265 1101 2335 sequente
1121 2253 1162 2314 li·
1273 2253 1395 2320 Consul
1403 2254 1520 2318 iterum
1528 2251 1741 2318 Nicomediae
1749 2247 1898 2335 procedit
1912 2247 1954 2330 b).

415 2352 560 2416 beralem
579 2355 735 2431 secundo,
757 2351 971 2416 indubitatum
983 2366 1042 2427 est,
1064 2373 1158 2436 prac-
1216 2358 1354 2420 Romam
1371 2353 1613 2440 proficiscitur,
1636 2351 1823 2437 spectacula
1839 2351 1970 2436 magni-¹

411 2455 554 2517 'cessisse
578 2453 691 2531 aliam,
722 2471 859 2538 eamque
886 2473 971 2518 anno
992 2453 1158 2538 praesenti
1214 2455 1275 2521 lica
1301 2457 1450 2530 instruit,
1486 2456 1540 2519 dei
1562 2454 1735 2536 Elagabali
1762 2453 1884 2518 cultum
1910 2449 1951 2514 in·

414 2549 655 2638 ⁸d⁸ign³¹3d³m·
1183 2571 1187 2586 ·
1214 2559 1316 2623 trudit
1333 2569 1501 2622 exstructo
1523 2557 1553 2619 ci
1570 2556 1696 2640 templo
1712 2556 1755 2637 ο).

871 2699 893 2738 s
1658 2697 1704 2736 θ·

692 2697 711 2735 s
1492 2700 1513 2739 s

558 2757 600 2817 Vr
620 2758 671 2818 lit.
688 2759 724 2817 tt
1362 2763 1405 2822 Vt
1424 2764 1475 2824 lit.
1495 2766 1534 2824 G.
1557 2762 1640 2821 elli.

413 2854 665 2924 NOBILITAS.
706 2861 823 2920 Mulier
849 2867 940 2920 stam
965 2862 995 2918 d.
1021 2861 1157 2937 hastam,
1215 2861 1466 2930 ADVENTVS.
1511 2857 1715 2926 AVGVSTI.
1788 2861 1947 2936 Immolet

415 2977 439 3017 s.
461 2959 680 3018 Victoriolam.
710 2957 779 3018 Ali.
816 2959 912 3034 (Mus.
933 2959 1038 3037 caes.)
1216 2955 1540 3047 squesiractficatorts
1554 2963 1677 3026 habitu.
1700 2957 1770 3028 AV·
1790 2959 1860 3022 AF..
1881 2959 1947 3020 Lib

477 3055 692 3137 Perspicuum
718 3069 788 3128 est,
809 3057 989 3140 Elagabslo
1009 3060 1161 3124 nobilita·
1217 3063 1315 3145 (ilus.
1333 3065 1445 3143 Caes.)

416 3166 483 3214 tarn
502 3151 603 3214 fuisse
625 3152 788 3228 debitam,
820 3175 860 3216 ex
884 3177 949 3240 quo
973 3161 1159 3224 Corscsllao
1278 3164 1485 3246 Numihior
1505 3159 1652 3229 iactoad
1667 3159 1758 3226 itm
1774 3177 1946 3226 muttire·
2068 3217 2069 3232 .

417 3269 453 3312 ae
466 3250 569 3312 lilium
585 3251 675 3313 serre
688 3255 865 3316 constituit.
888 3259 1158 3342 supradiximus,
1217 3261 1365 3326 vocandi.

376 3383 381 3390 ·
418 3365 638 3414 commentum
656 3333 745 3414 istud
769 3357 897 3420 massae
916 3358 1038 3438 luisse,
1060 3367 1160 3445 quan·
1496 3407 1518 3446 ,
1579 3363 1600 3404 ⁴*

417 3473 531 3537 quam,
561 3452 614 3516 cui
631 3465 727 3514 notus
745 3454 931 3536 Caracalla,
963 3460 1157 3526 incredibile
1361 3469 1404 3529 Vr
1423 3468 1473 3530 ltt.
1486 3469 1528 3530 A.
1552 3476 1586 3529 el
1598 3469 1636 3526 B.

417 3549 525 3619 videri
548 3573 614 3614 non
634 3553 770 3630 debest,
792 3555 843 3618 illi
863 3580 937 3624 cum
945 3562 1157 3638 eunomiane.
1215 3563 1403 3634 cousvt..
1420 3566 1460 3627 11.
1483 3570 1602 3634 addito,
1616 3570 1653 3628 in
1666 3567 1766 3628 aliis.-
1786 3567 1826 3630 P.
1842 3567 1879 3628 P.
1897 3568 1949 3626 Ae·-

381 3687 384 3694 ·
416 3671 481 3736 quo
506 3665 655 3736 tempore
678 3655 711 3715 in
731 3657 804 3718 auls
825 3663 1032 3740 versabitur,
1063 3664 1159 3726 illici·
1214 3673 1436 3752 quitasstans.
1459 3668 1530 3728 ΑΒ.
1552 3665 1784 3748 (Alcmenes.)

417 3765 486 3813 tum
502 3755 733 3818 commercium
751 3755 993 3838 intercessisse,
1021 3782 1088 3825 non
1103 3763 1157 3826 ab·
1238 3815 1243 3823 .
1361 3772 1404 3830 Vt
1423 3770 1471 3831 lit.
1491 3773 1531 3846 G.

417 3847 575 3915 horrente
606 3853 647 3915 ab
679 3875 717 3918 ea
746 3860 930 3942 suspicione
957 3862 1155 3928 Herodiano.
1212 3867 1295 3930 Llll.
1326 3869 1416 3937 AVG
1437 3869 1477 3930 11.
1508 3871 1548 3930 P.
1570 3855 1625 3928 LI.
1647 3873 1720 3932 Til.
1740 3871 1781 3932 P.
1805 3871 1846 3933 II.
1867 3867 1947 3930 COS.

418 3951 509 4013 Istud
532 3953 559 4014 si
583 3972 717 4029 rerum,
747 3958 901 4023 misarum
927 3983 1003 4026 sane
1025 3984 1152 4042 aevum,
1210 3971 1249 4030 ll.
1267 3971 1303 4034 P.
1318 3972 1356 4031 P.
1377 3973 1556 4046 Imperator
1574 3973 1611 4032 iu
1626 3983 1781 4052 sasqqcstss
1795 3973 1948 4051 congiario

419 4071 484 4133 quo
500 4053 694 4115 adulterium
720 4077 783 4118 non
804 4059 983 4141 infamiam,
1018 4065 1077 4126 sed
1095 4085 1154 4128 no·
1205 4074 1378 4150 praesidet.
1409 4070 1481 4136 AV.
1510 4073 1612 4150 (Ilus.
1636 4074 1718 4134 olim
1743 4073 1787 4136 de
1812 4069 1951 4148 Franco.)
2068 4129 2069 4136 ,

420 4148 579 4214 bilitatam
603 4153 722 4218 intulit.
750 4161 849 4244 Atqui
875 4164 1059 4228 caracallae
1081 4185 1156 4228 enm
1213 4174 1329 4244 Attus,
1357 4181 1396 4233 stt
1411 4175 1460 4233 ttt.
1479 4175 1525 4245 tt,
1547 4179 1749 4254 rescriptum
1762 4171 1950 4236 LIBERAL.

420 4247 522 4312 filium
534 4250 666 4348 publica
686 4256 787 4320 luisse
801 4262 965 4344 agnitum,
987 4264 1157 4331 confirmat
1213 4271 1282 4332 AB.
1306 4272 1405 4352 (blus.
1429 4272 1538 4353 Caes.)
1561 4279 1602 4338 Iu
1616 4280 1717 4338 aliis:
1744 4271 1952 4338 LtBEtttLt·

421 4345 639 4431 fragmentum
674 4355 811 4420 fratrum
853 4361 1021 4430 Arvalium
1059 4391 1157 4452 supra
1214 4371 1309 4433 TAS.
1324 4371 1955 4442 AVG.ll.rcl:LIBERALITAS.AV·

422 4443 605 4526 imiamins
649 4453 684 4514 in
716 4477 780 4542 quo
808 4461 1015 4548 Elagabalus
1038 4468 1157 4534 dicitur
1214 4473 1357 4540 Gvsrt.
1367 4474 1406 4534 11.
1420 4477 1619 4538 Liberalitas
1635 4489 1737 4540 stans.
1754 4481 1824 4542 All.
1837 4475 1903 4542 ΛΕ.
1915 4471 1949 4536 li·

307 4645 310 4652 Δ
440 4598 1944 4662 Ἣ

464 4667 494 4737 a)
513 4667 546 4724 L.
564 4669 695 4731 LXXIX.
715 4679 737 4750 5.
752 4694 780 4753 9.
851 4685 886 4761 b)
905 4689 961 4748 Dio
980 4693 1011 4752 L.
1031 4694 1162 4754 LXXIX.
1182 4697 1207 4767 I.
1224 4705 1251 4758 8.
1326 4705 1356 4774 c)
1375 4699 1546 4772 Herodian..
