4224 5506
699 463 1181 546 Anntvsvanvs
1425 491 1430 496 ·
1564 478 1693 574 ‘m

153 650 203 711 ΙΙ.
220 649 348 710 Aelium
372 649 537 710 Aurelium
565 651 680 713 Veram
705 648 808 713 fuisse
831 647 898 712 ‹lie-
954 671 1065 714 numo.
1086 655 1194 740 Atque
1211 655 1275 720 hoe
1300 659 1377 724 loco
1401 664 1478 728 satis
1497 666 1608 733 mirari
1632 693 1698 738 nau

153 761 245 822 tum,
269 761 302 810 et
316 769 478 832 nunquam
494 770 581 814 eaeo
600 761 737 830 tempora
748 756 818 814 sina
836 753 899 812 Au·
953 773 1108 836 possum,
1131 777 1149 818 a
1165 757 1352 822 Froelichio
1366 779 1464 847 eaput
1479 766 1585 848 istud,
1609 775 1697 858 quod

151 849 231 912 telii
247 853 376 912 nomine
392 851 539 912 itanumia
556 869 744 932 comparere.
765 851 898 914 Postre-
954 853 988 913 in
1013 875 1112 917 numo
1136 857 1301 922 luculenta
1318 885 1379 947 per
1405 886 1522 949 genas,
1553 884 1585 934 et
1608 895 1698 938 men·

153 971 228 1013 mae
257 949 335 1014 huie
364 949 450 1034 parti
488 951 694 1016 distinetione
724 973 806 1037 opus
835 965 896 1016 eat.
954 966 1022 1016 tum
1037 954 1173 1018 barbula
1189 963 1341 1042 vestitur,
1366 965 1404 1028 ab
1423 966 1494 1051 ipso
1513 971 1628 1051 etiam,
1660 989 1697 1039 ut

153 1052 289 1115 Certum
308 1071 403 1128 sane,
424 1051 593 1116 Aurelium
612 1052 840 1138 semperdioi‚
862 1066 896 1116 et
954 1074 996 1116 ex
1028 1055 1187 1122 iconismo
1232 1079 1385 1148 apparet,
1422 1069 1550 1152 agnita,
1587 1073 1694 1138 Annio

151 1153 219 1216 hoo
249 1173 371 1216 nomeu
401 1175 564 1238 nunquam
593 1153 708 1216 abesse
733 1155 768 1216 in
789 1155 896 1216 numia
953 1156 1043 1222 Vero
1065 1157 1184 1238 tribui,
1207 1165 1262 1246 qui
1280 1179 1427 1228 mortuus
1451 1183 1519 1245 est,
1542 1194 1616 1236 cum
1641 1171 1697 1237 an·

153 1255 326 1321 commatis
342 1255 497 1330 Romani,
519 1268 552 1318 at
566 1276 643 1316 num
666 1255 765 1317 etiam
782 1255 817 1316 in
837 1276 898 1318 uu·
952 1279 1029 1319 uum
1049 1260 1177 1322 nonnisi
1194 1265 1368 1346 septimum
1384 1268 1469 1331 vitae
1485 1288 1610 1354 ageret.
1631 1277 1697 1340 Ve-

151 1357 216 1419 mis
240 1357 409 1420 commatis
432 1355 625 1442 peregrini?
657 1355 741 1417 Satis
759 1351 895 1431 oouatat,
951 1378 1025 1419 rum
1049 1379 1089 1420 ex
1115 1361 1180 1424 alio
1203 1385 1302 1427 numo
1331 1371 1490 1433 sententia
1515 1373 1697 1438 Froeliohii

151 1456 254 1520 urbes
277 1457 419 1521 Graecas
449 1458 530 1520 eitra
557 1457 650 1541 leges
670 1460 796 1520 Romae
827 1453 920 1518 mo·'
952 1459 1049 1542 plane
1072 1465 1250 1543 evertitur,
1274 1485 1372 1552 quem
1390 1467 1444 1533 hio
1460 1490 1501 1534 ex
1513 1473 1695 1540 Pellerinio

149 1557 295 1622 netarias
324 1571 378 1621 aut
407 1555 573 1621 addidisse
599 1557 746 1634 nomina,
777 1571 832 1623 aut
852 1577 894 1619 ex
953 1559 1032 1624 sisto
1047 1556 1093 1642 b).

151 1659 323 1746 pluribus,
353 1679 436 1744 quae
453 1659 568 1735 libuit,
600 1659 769 1745 selegisse.
798 1659 895 1722 Paul·
1092 1656 1285 1730 OTHPOC.
1302 1667 1484 1736 KAICAP.
1521 1677 1622 1754 Caput
1635 1682 1696 1760 ju·

152 1764 191 1826 lo
213 1783 310 1846 supra
331 1761 487 1837 vidimus,
517 1761 703 1824 Faustinam
724 1761 888 1844 juniorem
1087 1767 1193 1827 venile
1212 1771 1341 1830 nodam.

149 1863 186 1924 in
212 1875 343 1926 moneta
364 1863 489 1926 Graeca
519 1861 584 1924 disi
610 1865 768 1937 Anniam,
805 1859 894 1946 quod
953 1861 1270 1932 atpattltml’tt.
1303 1873 1697 1950 coprathareutamdnto-

148 1985 272 2027 nomen
297 1975 426 2028 moneta
448 1963 539 2025 urbia
561 1983 725 2047 nunquam
748 1961 873 2045 recepit
882 1982 892 2040 3
951 1971 1023 2031 nini
1044 1973 1117 2044 att,
1151 1971 1374 2033 etnamo'nae
1393 1977 1545 2048 junioris.
1568 1977 1637 2038 ΑΕ.
1655 1979 1695 2038 Il.

149 2085 224 2127 eam
231 2085 360 2150 quoque
371 2063 435 2127 ‹lioi
446 2060 577 2124 NGAN
586 2067 780 2141 ‚‘Jnnl'orem,
795 2063 892 2126 etiam
1015 2067 1050 2130 st
1065 2069 1289 2132 Froeliohlum
1301 2070 1478 2148 audimus,
1500 2073 1555 2137 hio
1574 2095 1693 2140 numos

150 2167 240 2229 istutl
263 2166 356 2228 nullo
383 2165 546 2248 exemplo.
583 2165 639 2226 sie
666 2175 699 2228 et
722 2186 739 2225 a
759 2163 894 2227 Graecis
950 2171 995 2233 Μ.
1013 2170 1139 2254 Aurelii
1166 2189 1239 2234 esse
1266 2173 1396 2256 nequit,
1426 2170 1580 2255 quoniam
1600 2175 1694 2240 abest

152 2267 303 2351 Crispina
323 2265 444 2330 dicitur
464 2262 688 2342 BPOTTIA,
718 2279 751 2326 et
770 2264 895 2327 Saloni·
949 2267 1080 2334 nomam
1097 2275 1235 2337 Aurelii.
1267 2275 1310 2336 At
1333 2273 1558 2336 multominus
1582 2277 1696 2338 lale·

149 2389 193 2431 na
210 2364 508 2444 XPTCOI‘ONH,
536 2367 718 2432 tacentibus
737 2364 819 2429 haee
836 2387 894 2429 no·
950 2370 1194 2454 lliessepotest,
1218 2373 1272 2457 qui
1294 2374 1456 2438 Antonino
1467 2374 1572 2437 adhuc
1586 2377 1691 2458 priva·

149 2471 418 2532 minallomanla.
439 2473 644 2532 Praenomen
662 2473 767 2532 Marus·
787 2467 820 2530 in
836 2489 894 2530 nu·
950 2485 1003 2546 to,
1031 2471 1123 2550 ouius
1151 2485 1258 2534 tamen
1277 2488 1374 2558 eaput
1388 2477 1490 2540 altera
1508 2476 1598 2536 numi
1616 2498 1693 2561 pars

148 2572 213 2633 mia
231 2573 356 2634 Aurelii
370 2571 475 2636 adhue
493 2570 640 2634 Caesaris
661 2567 812 2631 officinae
828 2573 893 2630 Ro·
951 2571 1104 2648 exhibet,
1128 2588 1274 2635 mortuus
1293 2588 1362 2650 est,
1386 2589 1440 2636 aut
1458 2577 1497 2638 L.
1520 2577 1611 2652 Veri,
1635 2577 1692 2662 qui

146 2693 263 2736 manae
286 2674 399 2756 legere
422 2693 488 2736 nou
505 2686 574 2746 est,
597 2669 684 2732 istud
700 2683 809 2732 tamen
825 2689 891 2731 nou
951 2673 1024 2737 uiro
1044 2673 1208 2735 Antonino
1236 2692 1343 2758 neque
1372 2681 1464 2751 Veri,
1487 2695 1594 2760 neque
1617 2681 1692 2740 Cae-

146 2794 226 2837 raro
255 2777 420 2860 reperitur
448 2776 482 2836 in
506 2772 614 2838 numia
637 2771 770 2834 exteris.
807 2768 893 2832 Con·
947 2778 1159 2836 sarianomen
1174 2771 1412 2848 allinchusun,
1429 2777 1689 2855 autAnuiiVeri‚

148 2890 200 2939 tra
220 2875 255 2938 in
270 2875 377 2938 numia
393 2875 568 2952 Romanis,
591 2894 620 2936 e.
638 2894 670 2937 e.
690 2869 832 2956 Traiani,
857 2883 892 2933 et
947 2875 1004 2960 qui
1026 2875 1101 2940 vivo
1116 2861 1339 2938 Antoniusne
1360 2890 1454 2938 natus
1470 2877 1602 2961 quidem
1616 2878 1689 2942 luit.

144 2977 304 3042 Antonini
323 2977 374 3040 Pii
393 2997 554 3062 nunqnam
572 2974 717 3039 occurrit
733 2973 889 3056 scriptum
947 2979 1038 3061 Ergo
1060 2975 1089 3037 is
1115 2997 1231 3039 numus
1253 2989 1307 3040 aut
1330 2976 1480 3052 nulliusp
1509 2991 1563 3040 aut
1592 2979 1687 3041 unius
1793 3055 1796 3063 Ι

148 3089 293 3140 tantum:
337 3078 568 3164 nullamve.
599 3076 788 3148 CAESAR,
818 3073 890 3137 tel:
947 3081 992 3141 Μ.
1021 3076 1146 3140 Aurelii
1175 3078 1254 3152 erit,
1289 3077 1511 3163 probaturque
1538 3079 1593 3142 vel
1621 3099 1687 3142 uuo

148 3181 239 3242 llllP·
261 3179 533 3254 ANTONIUS,
563 3192 671 3241 tamen
689 3177 723 3238 in
741 3173 889 3260 pluribus
947 3178 1011 3241 hoo
1033 3199 1153 3255 numo,
1183 3179 1268 3263 quod
1293 3178 1433 3262 probare
1460 3179 1618 3240 haetenus
1640 3179 1690 3242 in·

148 3281 286 3346 Graecia
318 3281 442 3366 legitur
465 3293 609 3342 tantuma
642 3273 890 3339 TPAlANOC.
947 3282 1132 3356 saltuosam,
1168 3283 1296 3342 Aurelii
1325 3300 1444 3343 nomen
1468 3299 1532 3343 non
1557 3300 1688 3364 semper

148 3379 340 3458 ΚΑῙΟΑΡ,
374 3395 408 3446 et
441 3378 655 3459 ΑΤτοκρατωρ
680 3373 890 3440 ΑΝΤΩΝΙ·
946 3381 1043 3464 hujus
1063 3381 1169 3444 numia
1191 3381 1293 3443 fuisse
1319 3381 1492 3462 adjectum.
1529 3382 1572 3442 At
1599 3381 1687 3444 enim

145 3480 249 3548 NOC.
272 3485 365 3570 Ergo
374 3505 415 3548 ex
429 3479 783 3569 pluribusuominibua‚
804 3497 887 3564 quae
946 3481 1045 3544 alium
1061 3503 1194 3546 numum
1212 3483 1290 3544 dare
1307 3481 1414 3558 lubet,
1438 3501 1535 3566 quem
1548 3481 1587 3544 ad
1598 3481 1685 3545 idem

144 3585 268 3672 singuli
281 3586 414 3671 propria
431 3585 596 3659 habuere,
618 3581 816 3666 inscripsere
829 3601 888 3642 nu·
945 3583 1221 3668 comprobandum
1239 3581 1383 3646 adro'oo:

143 3689 231 3764 mis,
253 3708 336 3773 quae
358 3687 504 3750 scribere
521 3684 662 3769 placuit,
685 3695 780 3766 atque
804 3694 839 3744 ut
853 3681 886 3742 in
1071 3681 1279 3747 orfime.
1302 3677 1483 3747 KAICAP.
1522 3685 1686 3764 Caputju·

142 3789 217 3850 aliis
250 3793 295 3852 Μ.
316 3790 444 3853 Aurelii
474 3787 579 3850 adhue
604 3784 750 3847 Caesaris
780 3783 887 3844 numia
1084 3789 1331 3847 venileoudum.

142 3892 306 3974 scripsere
317 3885 524 3974 pleniussM.
533 3879 889 3949 aTPHlltocotH-
945 3879 1310 3950 cTP1.ttaB1PttN.
1336 3885 1407 3944 Duo
1437 3886 1544 3961 capita
1554 3887 1686 3960 juveni·

142 3988 448 4065 Poc.ttatcaP.,
465 3989 552 4053 itaiu
567 3989 790 4072 aliiaparciuas
806 3979 885 4045 AT·
943 3988 1255 4066 llaseroaplcientia.
1278 3984 1393 4045 ann.
1414 3987 1544 4064 (Haym.
1555 3987 1593 4044 T.
1602 3985 1684 4067 ll.p.

143 4083 732 4163 PHAIOC.OTHPOC.KAICAP‚
755 4101 885 4150 auttan-
943 4089 1015 4170 aflo.
1031 4087 1188 4152 Pellerin.
1211 4085 1288 4148 Mel.
1305 4089 1329 4146 1.
1351 4106 1383 4168 p.
1400 4085 1467 4163 70.)
1505 4152 1512 4169 ,

142 4207 229 4256 tum:
247 4187 705 4268 ATPHA100.KntcAP‚
725 4207 884 4273 quaeum·
1005 4188 1207 4261 Notandum,
1238 4201 1333 4270 eaput
1359 4187 1483 4250 aulicae
1507 4185 1542 4248 in
1563 4197 1682 4270 ectypo
1705 4251 1709 4260 ,

141 4295 631 4380 niuhabeaapudl'ellerinium
654 4295 681 4372 ¹)
698 4287 884 4374 atqueadeo
941 4293 1120 4375 Haymiano
1150 4287 1327 4352 seeundum
1356 4303 1501 4352 mentum
1533 4285 1683 4348 luculen-

141 4401 176 4465 ln
193 4397 266 4462 aliis
290 4417 421 4484 quoque
439 4411 562 4460 tantum
580 4388 885 4456 OTHPGC·KA1·
939 4407 1005 4457 tam
1022 4391 1191 4454 barbulam
1211 4388 1352 4452 offerre:
1375 4409 1440 4475 quo
1462 4401 1610 4465 cavetur,
1640 4408 1682 4450 ne

142 4495 259 4578 CAR,
290 4513 326 4562 ut
350 4499 383 4560 in
405 4511 579 4582 praesente
604 4498 881 4560 Amastrianorum
940 4493 1052 4580 puello
1073 4491 1180 4554 Annio
1201 4493 1288 4560 Vero
1303 4491 1404 4556 tribui
1425 4511 1542 4552 numus
1567 4489 1682 4574 possit·

194 4717 224 4786 ι)
244 4712 311 4772 Mel·
331 4712 534 4792 11·P·86·87·
607 4709 641 4783 lt)
662 4709 728 4770 llel.
746 4709 768 4768 1.
781 4729 811 4787 p.
829 4723 880 4780 πμ
