4178 5486
417 453 489 552 ,a
1012 435 1364 519 srncntnvs.

414 647 610 724 Asperum,
627 633 730 700 nsta-
743 630 926 702 Cassarsas,
947 631 1041 700 malti
1055 631 1161 694 NHV·
1189 581 1195 590 -
1218 621 1272 684 vio
1297 617 1508 682 interiissent.
1552 595 1596 682 bt
1619 614 1708 680 eninr
1735 615 1799 680 etsi
1823 613 1964 680 ridicula

422 739 656 820 reversatus
668 737 796 804 dicant,
811 734 900 816 qaod
907 733 1080 794 uerisimile
1097 749 1161 792 aaa
1219 722 1300 786 baec
1330 720 1429 786 inere
1460 717 1664 792 testimonis,
1696 731 1825 782 camum
1844 731 1966 782 manen

280 895 283 906 .
412 856 473 911 est.
495 843 663 926 Siquidem
679 843 772 916 capla
781 836 856 913 jam
876 833 1048 894 Valeriano
1064 834 1163 906 scrip-
1218 821 1395 886 reddidere
1416 821 1539 884 bonum
1565 819 1792 897 Trebellium,
1819 819 1966 889 Valeria·

415 957 482 1012 tam
500 943 679 1020 inponimus
694 939 729 998 in
743 935 862 1012 saetis:
896 933 1161 1006 VAaetttatto.
1218 945 1297 986 num
1311 921 1519 986 suumluissa
1533 922 1726 1008 Augustum.
1744 923 1788 982 At
1803 921 1965 1005 curpnul·
2064 981 2065 984 ,

414 1035 1162 1114 IMPERATORE.COS.Quisips'turalr'aspo-
1218 1011 1252 1088 lo
1270 1038 1345 1109 post
1359 1023 1394 1086 in
1415 1022 1533 1088 eodem
1551 1021 1701 1085 examine
1726 1019 1855 1085 diffisus
1873 1023 1966 1085 Cele-

412 1149 479 1214 tait
491 1162 562 1206 esse
577 1143 781 1212 Valerianus,
795 1137 862 1198 stas·
877 1135 1021 1198 Gallieni
1029 1132 1161 1213 frater?
1218 1126 1304 1190 stino
1323 1147 1383 1190 suo
1409 1139 1442 1188 et
1462 1123 1563 1208 lapidi
1587 1123 1831 1186 Mediolanensi
1856 1126 1965 1184 aerisi-

415 1249 548 1310 cnseat
561 1246 735 1322 mamae,
750 1237 908 1298 nonsatis
922 1240 1165 1296 tamescomtat
1219 1233 1295 1292 mtto
1310 1241 1435 1290 tanturn
1454 1227 1518 1303 ait,
1540 1243 1615 1288 eum
1633 1223 1819 1310 Angustum
1840 1221 1965 1288 fuisset

414 1351 457 1412 tle
476 1331 1161 1428 dtpsttats‚estar'coc710mntattitoqui,
1220 1331 1343 1396 Verum
1360 1323 1424 1411 jam
1439 1326 1548 1391 sertus
1563 1325 1665 1388 crisin
1679 1325 1832 1387 intendit.
1855 1323 1908 1386 sd
1923 1323 1965 1388 ls-
2064 1307 2065 1328 l

414 1451 457 1512 ds
473 1451 653 1526 majestate.
677 1439 708 1502 Ο
727 1437 932 1522 praeclarum
951 1427 1162 1495 bist'oricusn!
1221 1442 1287 1492 stoa
1307 1441 1482 1512 provocat,
1504 1426 1674 1512 inquibus
1693 1425 1856 1508 scriptum
1873 1440 1967 1489 testa·

414 1566 491 1612 aunt
511 1562 576 1628 quo
593 1536 771 1622 comparati
782 1531 1003 1615 Thucydides,
1020 1531 1161 1615 Polybii,

414 1645 525 1712 Taciti
540 1639 623 1704 nibil
635 1651 720 1702 sunt.
738 1638 774 1698 Si
786 1635 964 1700 scriberem
979 1654 1061 1717 egos
1077 1653 1164 1693 mor·

415 1759 492 1809 tuus
509 1756 559 1806 est
573 1759 657 1803 anno
673 1750 745 1822 post
756 1735 922 1798 Christum
937 1733 1161 1798 MDCCXLV.

417 1843 554 1910 Carolus
585 1840 712 1904 clectos·
732 1837 909 1911 Bavariae,
937 1855 1036 1920 qoem
1067 1834 1163 1898 multi

415 1939 642 2012 Romanorum
663 1937 916 2022 imperatorem,
940 1935 1034 1999 multi
1056 1933 1164 1997 liobe·

417 2048 504 2111 miae
534 2059 669 2128 regern,
700 2040 797 2102 molti
817 2052 968 2107 nentrum
994 2037 1095 2100 fuisse
1117 2035 1165 2097 di·

415 2161 511 2220 cnnt,
540 2144 571 2206 si
588 2145 719 2226 inquam
738 2141 820 2206 haec
837 2139 1072 2212 Vindobonac,
1094 2137 1165 2222 ipss

415 2245 549 2332 imperii
568 2241 663 2317 sede,
686 2241 743 2306 ubi
760 2240 892 2329 publico
911 2240 1101 2327 privateque
1119 2253 1166 2301 te·

415 2347 569 2412 stimouia
591 2356 722 2427 praesto
745 2355 836 2419 sunt,
859 2362 924 2426 qno
947 2354 1098 2424 tempore
1116 2341 1164 2418 in-

414 2447 545 2512 numeri
570 2433 680 2506 innuo
702 2457 777 2506 snus
794 2443 1004 2528 superstites,
1026 2441 1083 2526 qai
1100 2439 1163 2523 ipsi

328 2533 338 2552 ⁸
415 2559 519 2610 sentes
535 2547 629 2608 inere
644 2565 759 2608 rernm
774 2557 937 2628 gestarum
955 2543 1026 2624 ejus
1043 2542 1164 2626 prinei·

409 2647 469 2732 ,pis
489 2661 566 2710 aute
589 2667 691 2711 annos
713 2645 843 2708 nonnisi
864 2647 903 2708 L.
924 2642 1088 2716 defuncti,
1112 2661 1165 2706 ea·

414 2747 493 2814 tlem
517 2749 592 2833 lege
616 2747 816 2822 scriberem,
846 2763 1099 2829 currerentque,
1122 2765 1165 2808 an

414 2869 483 2912 non
514 2848 665 2912 omnibus
688 2861 744 2912 aut
764 2845 867 2910 risum
890 2863 1078 2922 moverem,
1108 2859 1164 2909 aut

416 2951 645 3014 stomachuml
682 2949 768 3012 Anni
805 2945 1060 3011 numerabantur
1097 2965 1165 3008 non

416 3050 662 3133 multoplures
685 3050 774 3124 tttn,
805 3047 862 3130 qui
886 3046 974 3108 inter
996 3045 1165 3116 Valeriani

417 3149 559 3212 senioris
574 3148 676 3210 latum
696 3148 882 3222 Persicum,
904 3159 940 3208 et
960 3145 1164 3208 Constantini

417 3253 465 3313 Μ.
486 3247 677 3330 imperinm,
707 3267 772 3330 qno
794 3261 953 3326 regnante
975 3247 1164 3314 Trebellius

415 3347 565 3431 scripsit,
588 3347 823 3424 intercessere,
847 3359 881 3410 et
908 3347 970 3409 nisi
998 3339 1164 3414 docuisses

415 3449 604 3516 Celestinus
624 3449 738 3511 nescio
761 3447 850 3532 quis,
883 3447 1090 3514 Valerianum
1115 3450 1164 3512 sa·

1220 1544 1292 1592 turs
1341 1527 1610 1598 VALEttttttO.
1660 1527 1965 1592 IMPERATORE.

1221 1629 1333 1704 COS.,
1362 1648 1544 1714 eorumque
1572 1627 1638 1692 lide
1661 1627 1881 1698 Valerianum
1910 1629 1967 1690 int·

1219 1743 1407 1817 pensionem
1430 1729 1557 1813 probat.
1600 1733 1675 1792 Noc
1696 1749 1890 1794 recusamus
1911 1731 1965 1794 bo·

1219 1853 1290 1895 rant
1306 1830 1475 1913 judicium,
1491 1829 1597 1917 iisque
1610 1831 1717 1896 fasces
1733 1831 1882 1894 libenter
1896 1831 1963 1893 sub-

1220 1933 1388 1996 mittimus.
1421 1931 1504 2025 Quis
1520 1931 1691 2009 crederet,
1713 1953 1814 2016 posse
1829 1932 1964 2014 scripto·

1219 2053 1291 2096 rcm
1315 2045 1405 2096 tento
1421 2033 1683 2096 testimoniorum
1700 2036 1796 2098 biatu
1811 2034 1894 2095 baec
1915 2033 1965 2095 tle·

1221 2135 1319 2219 niquc
1336 2132 1516 2218 parturires
1537 2147 1685 2200 constare
1700 2139 1830 2219 quidem
1847 2140 1889 2197 de
1907 2138 1964 2196 l'a·

1220 2239 1340 2302 lariani
1360 2256 1491 2318 panea,
1513 2235 1668 2298 nimirum
1692 2237 1749 2320 qui
1776 2234 1849 2316 ojus
1870 2235 1964 2316 majo·

1220 2357 1286 2412 res,
1300 2359 1365 2402 stoa
1379 2342 1462 2402 satis
1474 2349 1580 2402 taam
1595 2349 1743 2404 casatam
1756 2341 1799 2398 ds
1810 2340 1963 2416 dipsitsts

1220 2441 1273 2498 eal
1291 2443 1477 2518 molestato,
1498 2439 1652 2508 ruminum
1676 2437 1824 2500 fuerisne
1850 2438 1962 2499 Caesar

1219 2539 1273 2602 vel
1299 2542 1479 2624 Aangustus.
1508 2545 1631 2604 Tutum
1655 2539 1778 2622 igitur,
1796 2536 1890 2624 quod
1909 2558 1960 2598 uos

1221 2659 1362 2724 operose
1388 2640 1499 2706 docuit
1531 2639 1739 2718 Trebellius,
1770 2641 1837 2706 huc
1864 2638 1960 2700 redit:

1220 2754 1363 2814 constat,
1385 2761 1451 2803 uon
1473 2755 1610 2804 constat.
1640 2741 1783 2816 Nescio,
1804 2757 1961 2826 operosus

1220 2843 1361 2925 pretium
1385 2842 1445 2936 sit,
1468 2843 1609 2906 recitare
1632 2843 1733 2905 alium
1756 2839 1866 2906 adbuc
1889 2845 1962 2906 Tre·

1220 2941 1318 3006 ballii
1338 2943 1467 3020 locum,
1489 2945 1545 3030 qui
1568 2943 1633 3008 buc
1658 2944 1803 3028 pertinet
1819 2945 1860 3022 ι).
1889 2945 1962 3005 Nar·
2064 3023 2065 3038 ἵ

1220 3059 1289 3121 ret,
1313 3045 1521 3111 consulerem
1549 3043 1720 3108 Aurelium
1744 3047 1892 3108 Fuscum
1915 3045 1961 3105 Pi·

1222 3147 1294 3209 soni
1317 3145 1445 3209 divinos
1471 3147 1616 3210 bonores
1643 3147 1852 3224 decrevisse,
1881 3144 1961 3208 stltli·
2064 3189 2065 3204 t

1220 3245 1392 3332 disseques
1409 3251 1634 3316 Gallr'easarsst
1644 3251 1853 3313 Valerianum
1864 3260 1897 3310 et
1908 3251 1963 3310 Sa·
2064 3303 2065 3320 ,

1221 3350 1364 3412 laninam
1381 3351 1587 3429 lamaralores
1606 3362 1734 3414 aomos
1751 3372 1821 3413 esse
1835 3354 1961 3432 ceafida.
2064 3349 2065 3432 Ῐ

1221 3451 1423 3511 Memoratus
1445 3447 1509 3511 hoc
1533 3450 1610 3511 loco
1634 3449 1847 3544 Valerianus,
1869 3451 1961 3532 ajunt,
2064 3451 2065 3504 ὲ

416 3551 483 3616 isse
513 3549 636 3614 dictum
665 3572 684 3614 a
712 3549 814 3612 fratre
843 3537 1043 3632 Augustum,
1074 3551 1166 3634 igno·

417 3665 525 3717 auses
560 3671 648 3717 rem
699 3650 832 3719 maximi
875 3672 951 3714 sane
995 3653 1164 3726 momenti,

1222 3547 1335 3632 nequit
1354 3567 1426 3611 esse
1448 3563 1542 3632 pater
1561 3549 1722 3626 Gallieni,
1748 3553 1805 3636 qni
1824 3571 1903 3615 sane
1920 3550 1964 3614 su·

1223 3650 1303 3710 isset
1322 3650 1590 3734 praeponendus,
1613 3665 1649 3714 et
1662 3653 1720 3738 qni
1739 3667 1807 3716 tum
1825 3653 1858 3714 in
1877 3673 1962 3736 squa-
2064 3655 2065 3728 g

416 3753 475 3840 qui
507 3753 541 3814 in
570 3753 662 3816 urbis
690 3753 768 3818 luce
804 3745 974 3818 historiam
1011 3754 1084 3818 aeri
1116 3754 1166 3819 sui
1223 3751 1296 3816 lore
1314 3743 1451 3814 Persico
1469 3752 1591 3828 haesit,
1620 3773 1703 3838 ergo
1722 3753 1828 3818 frater
1843 3753 1964 3822 'Valeri-
2064 3757 2065 3760 ’

418 3854 566 3940 scripsit,
602 3873 741 3936 eatnqoe
772 3853 1009 3937 imperantibus
1038 3853 1167 3917 dodica·
1224 3873 1319 3926 anos,
1344 3867 1442 3936 atque
1465 3851 1520 3916 bio
1546 3873 1587 3915 ex
1614 3853 1678 3918 boc
1702 3855 1803 3918 etiam
1825 3857 1964 3918 testimo·
2064 3873 2065 3876 ’

416 3958 489 4032 sit,
534 3955 591 4040 qui
634 3953 823 4042 Mediolano
875 3976 977 4040 usque
1020 3955 1165 4037 lapidem
1222 3953 1280 4016 oio
1304 3953 1494 4036 imperator.
1524 3955 1638 4020 Liceat
1665 3956 1754 4018 bona
1774 3975 1894 4020 eorum
1918 3976 1966 4019 ra·

418 4069 554 4134 evocet,
586 4053 774 4136 cujuslido
803 4053 947 4120 fabulum
970 4053 1012 4120 tle
1034 4055 1165 4117 reddito
1207 4053 1276 4114 niu
1302 4053 1399 4117 aliter
1422 4055 1564 4132 sentire,
1598 4071 1695 4143 atque
1723 4057 1815 4131 istud
1840 4077 1964 4144 queque

326 4237 332 4252 Ι
419 4178 441 4220 a
460 4157 572 4220 Persis
592 4155 761 4225 Valeriani
789 4177 929 4241 corpore
948 4157 1190 4240 abstergeret,
1224 4153 1387 4220 Trebellii
1411 4157 1579 4221 oraculum
1605 4159 1784 4242 aspernari.
1815 4159 1899 4222 Nam
1916 4162 1963 4222 Sa·

419 4255 559 4339 perinde
591 4255 686 4340 qnasi
705 4257 756 4322 rei
778 4271 853 4320 ante
874 4277 976 4337 annos
997 4277 1061 4320 non
1085 4258 1166 4320 mul·
1222 4255 1370 4318 lonicum
1410 4269 1562 4344 tanquam
1598 4259 1708 4324 rivum
1747 4261 1895 4346 appellat
1927 4279 1960 4322 eo
2064 4269 2065 4346 J

419 4368 473 4418 sos
503 4369 632 4440 gestae,
671 4371 705 4420 es
734 4355 775 4420 ad
806 4360 998 4422 memoriam
1027 4357 1185 4446 insignis·
1222 4367 1392 4440 tempore,
1417 4377 1482 4442 quo
1504 4359 1730 4424 verisimiliter
1745 4362 1781 4423 in
1801 4361 1885 4425 risis
1905 4383 1961 4426 stn-
2064 4433 2065 4458 χ

421 4467 523 4518 testes
551 4471 664 4521 omues
686 4457 827 4544 quodam
848 4458 1060 4524 Deucalionis
1082 4459 1165 4522 dilu-
1221 4457 1308 4544 ptius
1332 4477 1397 4520 non
1418 4455 1492 4526 fut,
1522 4459 1622 4558 Quod
1640 4461 1687 4538 si,
1710 4475 1750 4525 ns
1764 4463 1868 4549 aliqui
1884 4465 1959 4530 bana

431 4593 1960 4637 Wmmm
2064 4607 2065 4640 ,

459 4659 490 4727 a)
511 4657 542 4714 in
561 4670 685 4736 tyranno
705 4663 819 4724 Pisone.
