4224 5506
746 451 1128 532 ‘COMMODVS

1630 489 1716 582 w

155 645 214 696 .at
252 629 385 716 quidem
419 629 608 700 seeundum
643 633 800 705 Dionem,
829 657 914 700 anno
972 641 1269 715 eruoieestaadaet.
1292 639 1359 707 AV.
1380 643 1514 724 (Vaill)
1536 650 1603 714 ΑΕ.
1630 675 1713 736 max,

168 741 212 806 V.
230 739 268 802 C.
285 739 348 803 718
363 735 411 816 Ι),,
434 733 533 819 idque
558 733 599 801 de
622 754 658 798 se
678 735 749 820 ipse
778 750 915 806 testatur
972 737 1082 804 mod.
1099 739 1199 820 (Mus.
1226 741 1369 824 Albatti.)
1400 749 1468 810 ΑΕ.
1489 751 1512 812 Ι.
1531 733 1572 814 tl.
1596 756 1713 835 tuus.

168 841 203 902 in
221 855 385 900 marmore
409 835 582 916 Aneyrano
596 833 648 914 t),
683 840 914 908 TEMPLVM·

170 939 274 1036 Qve.
291 935 536 1004 APOLLlNlS
558 937 626 1002 tot
633 940 885 1004 PALATlOn

972 839 1063 900 Caes
1236 881 1243 900 .

1034 838 1085 1004 Ed
1095 941 1256 1030 denique'
1246 952 1388 1016 tusaniae
1398 951 1549 1036 delapsus
1557 969 1606 1018 est
1618 909 1713 1024 Cont-

170 1043 285 1105 FECl.
310 1039 450 1102 Palatini
478 1037 573 1118 hujus
588 1040 752 1123 Apollinis
775 1041 912 1106 subinde
970 1039 1104 1120 modus,
1135 1060 1261 1117 utnon
1288 1053 1501 1118 mododeum
1517 1059 1712 1142 wseseprolt

169 1145 317 1206 homes
344 1161 481 1203 crevere
507 1142 594 1204 victo
623 1141 665 1204 ad
687 1143 861 1220 Aetium
879 1159 913 1208 et
971 1146 1263 1229 tereturpublice,
1283 1175 1369 1238 quae
1391 1157 1521 1240 quidem
1547 1157 1712 1228 dementia

170 1245 260 1326 juxta
289 1241 449 1325 Apollinis
474 1243 561 1305 Aetli
587 1245 745 1326 ternplum
759 1245 912 1312 Antonio.

968 1245 1144 1308 nonnullos
1160 1249 1256 1313 etiam
1274 1255 1711 1342 superiornmhuqustotum

170 1347 302 1407 Nasone
324 1363 454 1428 quoquo
485 1345 566 1408 tanti
591 1346 727 1429 gratiam
760 1344 912 1412 beneficii
970 1347 1159 1428 occupavit,
1203 1353 1259 1414 sed
1300 1354 1425 1434 abjecta
1466 1361 1560 1420 etiam
1590 1363 1711 1438 laurea,

171 1446 243 1528 ejus
252 1444 305 1508 dei
322 1445 525 1528 praesentiae
542 1447 845 1530 acceptamlerente
864 1453 910 1534 sl:

156 1693 160 1700 -
195 1649 296 1712 Visite
311 1651 471 1730 lauripero
487 1661 617 1712 sacram
632 1653 762 1714 Palatia
776 1655 910 1718 Phoebo.

212 1753 275 1814 Ille
285 1753 496 1814 Paraetonias
510 1755 621 1815 mersit
635 1757 671 1815 ira
687 1755 756 1815 alta
772 1767 868 1818 rates.

170 1955 263 2018 Dixit
283 1958 494 2016 Paraetonias
516 1974 577 2038 pro
594 1955 787 2038 Aegyptias,
817 1961 913 2021 aPa-

170 2056 320 2121 raetonio
332 2056 546 2118 Marmaricae
564 2047 700 2140 oppido,
723 2061 912 2144 quaeregio

170 2164 322 2256 Aegypto
347 2157 455 2222 addita
480 2158 673 2244 Cleopatrae
703 2161 821 2242 paruit.
857 2163 914 2222 At·

172 2279 236 2346 que
260 2251 342 2324 haee
367 2277 462 2322 eausa
487 2274 570 2336 est,
587 2279 647 2322 eur
669 2259 786 2322 eodeni
810 2261 911 2338 onitu,

173 2363 326 2424 nimirum
343 2361 475 2423 indutus
494 2361 596 2436 stola,
619 2376 806 2445 compareat
816 2364 915 2447 Apol

171 2465 207 2526 lo
222 2463 407 2539 Palatinus,
438 2483 502 2546 quo
521 2463 663 2525 Actius
654 2485 687 2525 ιιι
702 2451 844 2582 copiosis
857 2487 917 2527 nn·

172 2565 409 2648 mishugnsti,
441 2585 579 2649 quorum
604 2566 737 2626 memini
767 2566 927 2649 inhujus

172 2681 304 2729 moneta
327 2665 368 2728 ad
398 2687 515 2729 annum
529 2668 569 2734 V.
586 2667 622 2730 C.
638 2665 720 2748 7³3,
750 2681 784 2730 et
808 2670 914 2752 gentis

173 2769 353 2842 Antistiae,
385 2787 467 2852 qnae
493 2767 644 2831 denarios
667 2767 757 2832 dedit
778 2769 915 2854 inscrip-

174 2885 246 2934 tos:
279 2867 500 2932 APOLLINI.
524 2868 670 2936 ACTIO.
692 2871 728 2932 In
751 2892 914 2934 marmore

173 2971 349 3034 Muratorii
378 2969 530 3054 proditur
558 2969 801 3036 SACERDOS.
825 2973 916 3034 DlA·

171 3057 918 3139 mmmmmmmm

175 3177 315 3236 LATiai
348 3169 390 3252 d).
441 3173 590 3235 Zosimus
632 3195 762 3258 quoque
803 3177 916 3238 menri-

174 3275 225 3337 nit
251 3275 340 3338 aedis
370 3275 536 3337 Palatinae
564 3275 727 3359 Apollinis
743 3278 791 3359 ⁰),
831 3299 915 3341 eant·

177 3396 242 3461 que
272 3377 452 3461 insperante
478 3376 603 3438 Iuliano
633 3392 777 3461 apostata
806 3379 916 3443 incen-

178 3477 234 3540 dio
258 3479 403 3540 haustam
417 3476 683 3561 periclitantibus
704 3479 784 3563 ipsis
802 3481 917 3544 earmi-

175 3580 273 3642 nibus
292 3579 443 3643 Cumanis
458 3577 611 3664 perhibet
627 3581 817 3647 Ammianus
833 3586 920 3646 Mar·

179 3681 317 3745 collinus
339 3677 376 3764 f).
433 3683 438 3692 ’

333 3885 640 3970 ,ᾅιθ

320 3991 440 4050 Antion
454 3991 558 4052 uaria

176 4092 310 4156 HERC.
332 4083 472 4154 contat
496 4090 570 4152 vela
600 4088 917 4156 COMMODIANO.

968 1459 1062 1507 sueto
1080 1445 1237 1514 haetenus
1262 1454 1496 1538 imperatorum
1521 1463 1711 1542 gestamine,

960 1559 1065 1628 ,caput
1089 1568 1183 1614 suum
1207 1551 1261 1620 dei
1286 1555 1377 1618 cultu
1405 1574 1554 1622 ornatum
1581 1564 1619 1624 in
1641 1585 1710 1628 mo·

968 1659 1042 1708 neta
1062 1647 1192 1730 publiea
1203 1657 1451 1736 proponendum
1473 1677 1612 1726 curaret.
1631 1667 1708 1732 Fuit

968 1747 1055 1810 istud
1081 1747 1238 1820 hactenus
1265 1756 1395 1819 vanitati
1415 1757 1560 1826 Graecae
1577 1767 1719 1853 permis·-

969 1871 1059 1926 surn,
1082 1871 1165 1936 quae
1181 1873 1280 1938 reges
1298 1878 1379 1924 suos¹
1391 1861 1485 1924 variis
1505 1863 1566 1925 diis
1584 1867 1713 1930 adsimi·
1793 1921 1796 1926 ,

969 1950 1067 2027 lavit,
1093 1967 1190 2038 atque
1217 1957 1312 2018 etiam
1332 1961 1517 2043 Augustos,
1544 1965 1636 2045 cujus
1664 1972 1711 2032 lu-

971 2051 1100 2114 culenta
1124 2059 1272 2171 exempla
1297 2059 1329 2120 in
1347 2063 1453 2124 numis
1466 2067 1607 2129 Neronis
1624 2091 1711 2134 eorn-

971 2153 1241 2239 matisperegrini
1261 2157 1416 2242 vidimus}
1437 2185 1549 2232 verum
1566 2169 1606 2229 ab
1624 2173 1710 2254 turpi

971 2255 1032 2318 hae
1052 2256 1276 2320 adulatione
1267 2263 1419 2324 immunis
1444 2265 1478 2326 in
1513 2267 1599 2332 huno
1623 2270 1711 2334 diem

971 2353 1034 2417 tuis
1049 2371 1177 2420 moneta
1194 2362 1432 2440 Romanorum,
1456 2379 1553 2450 atque
1572 2371 1633 2432 etsi
1655 2373 1713 2434 hu-

941 2455 1022 2540 jus
1040 2469 1149 2540 partes
1172 2479 1305 2524 eversae
1328 2483 1557 2551 nonnunquam
1576 2471 1714 2556 impera·

972 2571 1078 2620 torem
1098 2557 1151 2619 dei
1168 2559 1278 2644 habitu
1301 2565 1455 2641 vestiant,
1489 2569 1576 2631 istud
1604 2585 1713 2638 tamen

972 2657 1093 2723 factum
1120 2662 1343 2739 reverentias,
1367 2680 1404 2748 et,
1423 2672 1583 2735 nonnullo
1608 2675 1714 2742 adhue

972 2761 1120 2844 pudore;
1152 2783 1225 2823 narn
1245 2765 1469 2848 ¹appellatione
1491 2771 1545 2834 dei
1566 2792 1715 2840 constan·

974 2875 1025 2923 ter
1039 2860 1194 2924 abstinuit
1216 2865 1415 2960 epigraphe,
1439 2872 1587 2958 nihilque
1603 2877 1716 2941 incul-
1833 2935 1836 2942 ,

973 2975 1008 3024 tu
1026 2963 1141 3047 capitis
1154 2963 1375 3043 immutatum,
1397 2973 1485 3055 quod
1511 2975 1714 3059 majestatem

973 3062 1104 3147 imperii
1127 3065 1315 3132 dedeceret.
1351 3073 1441 3136 Haeo
1471 3074 1601 3144 demum
1629 3079 1717 3143 elau·

973 3182 1040 3230 stra
1063 3166 1224 3253 perfregit
1241 3169 1411 3234 Commodi
1428 3173 1647 3258 impudentia,
1671 3171 1718 3246 at-

974 3269 1136 3355 quoinde
1162 3269 1202 3332 ab
1230 3269 1294 3332 hoo
1319 3293 1403 3334 anno
1437 3297 1540 3362 nsque
1566 3280 1607 3344 ad
1632 3283 1716 3346 vitae

974 3371 1096 3435 exitum
1121 3391 1295 3434 numerum
1317 3371 1387 3454 ejus
1405 3388 1437 3438 et
1460 3381 1657 3468 epigraphe,
1683 3401 1717 3449 et
1789 3381 1793 3392 ¹

973 3475 1043 3590 typi
1071 3487 1277 3558 praesentem
1311 3471 1407 3537 deum
1441 3483 1637 3570 loquuntur,
1668 3486 1717 3548 ni·

976 3575 1095 3637 mirum
1124 3579 1398 3658 quemadmodum
1433 3598 1528 3646 eto
1510 3587 1617 3648 omnia
1647 3587 1715 3663 illa,

975 3696 1058 3760 quae
1076 3679 1233 3761 turpiter,
1262 3701 1345 3764 qnae
1367 3683 1515 3764 impure,
1546 3707 1629 3770 qnae
1647 3709 1720 3750 cru·

976 3774 1114 3854 daliter,
1137 3798 1220 3875 quae
1239 3777 1452 3864 gladiatorie,
1476 3787 1720 3868 quaelenonice

975 3878 1121 3954 fenerat,
1153 3879 1576 3963 actisurbisinoidijussit,
1608 3903 1643 3951 ut
1674 3892 1720 3954 ait

976 3981 1183 4066 Lampridius
1199 3993 1240 4062 e).
1280 3984 1362 4046 Cum
1380 3975 1539 4070 adrogare
1565 3989 1626 4052 sibi
1646 4012 1721 4076 pos-

977 4097 1043 4158 set,
1065 4101 1157 4166 ‚quae
1182 4085 1302 4160 vellet,
1325 4085 1489 4150 Hercules
1505 4109 1577 4151 esse
1594 4094 1719 4172 maluit,
1837 4101 1841 4111 ’

177 4197 216 4257 Ρ.
235 4197 282 4256 M.
298 4195 367 4254 ΤΕ.
389 4194 430 4254 Ρ.
444 4191 530 4258 xvt.
559 4174 735 4262 COS.VI.¹
767 4197 920 4272 Herculea
977 4186 1128 4268 quoniam
1152 4207 1213 4270 per
1241 4187 1426 4250 belluarum
1458 4189 1592 4254 eaedem
1623 4192 1719 4276 hujus
1832 4169 1837 4186 ⁸

175 4298 359 4374 ,mirandus
373 4305 464 4356 stans
478 4303 553 4355 aare
567 4314 658 4354 aram
676 4298 706 4354 d.
717 4305 874 4373 pateram,
893 4316 919 4356 s.
978 4309 1051 4351 sese
1072 4289 1227 4354 virtutem
1262 4289 1412 4372 proxime
1443 4311 1599 4376 aequasse
1626 4297 1719 4362 credi

176 4401 404 4476 eomaeopr'ae,
419 4400 524 4474 juata
547 4397 657 4470 ardor,
680 4399 919 4478 eaqaaleoar'r
976 4389 1090 4453 valuit.
1126 4393 1222 4454 Hune
1255 4389 1335 4454 olim
1366 4391 1524 4468 hominis,
1556 4407 1589 4456 at
1619 4399 1718 4461 modo
1843 4432 1853 4448 ι

234 4639 886 4716 ηΜΜμιωΜΝη
961 4635 1404 4713 Mmmfflmm
1480 4617 1717 4720 Νψωι

178 4731 474 4804 e)L.11.aut›.inir.
547 4731 628 4804 011,
643 4731 737 4791 XXII.
778 4815 782 4824 ·
809 4734 841 4811 g)
861 4733 934 4808 Cap.
953 4743 995 4793 15.
