4220 5504
601 538 994 646 'PESCENNIYS
1044 538 1247 616 NIGER.
1630 555 1697 631 161

153 729 209 814 qui
232 727 329 811 hujus
347 726 519 813 potestatis
530 727 698 792 mentione
720 726 755 790 in
771 741 901 790 moneta
945 745 1019 812 ‘pra
1055 723 1226 810 descripsi,
1251 726 1433 792 inscribere
1471 723 1705 795 ottMant.

157 827 330 906 abetinirit,
362 828 456 913 eujus
480 850 544 916 ego
568 829 663 893 aliam
683 849 813 893 caueam
835 850 902 892 non
959 821 1063 888 KHC.
1085 823 1327 908 ΕΞΟΤΟΙΑΟ,
1356 835 1702 913 tribuniciapotaatata‚

156 933 312 1015 reperio,
335 951 432 1016 quam
450 929 538 1015 quod
558 951 596 994 ea
614 953 632 994 a
651 944 764 994 senatu
777 925 904 994 solebat
961 927 1050 1012 quod
1067 941 1174 991 tamen
1191 927 1267 991 inde
1285 953 1302 993 a
1321 932 1480 1018 Trojano,
1504 933 1704 1022 etdeinoepa

156 1031 324 1110 conferri,
356 1031 410 1094 itio
435 1053 516 1096 vero
532 1033 675 1116 primum
698 1053 759 1114 per
774 1031 901 1110 iuliani,
961 1029 1112 1092 omnibus
1126 1029 1376 1118 tetrad'rachmia
1396 1033 1614 1118 inscripsere,
1638 1036 1704 1100 eui·

157 1133 277 1196 deiude
305 1133 422 1198 Severi
440 1147 564 1196 metum
578 1132 732 1196 conferre
748 1153 819 1195 eam
836 1153 903 1194 non
959 1131 1063 1208 fecta,
1086 1130 1174 1216 quod
1188 1154 1353 1216 nunquam
1371 1135 1449 1196 alins
1468 1135 1607 1215 iactum,
1637 1139 1703 1224 epi·

155 1234 272 1319 potuit.
295 1235 375 1298 Post
393 1233 482 1319 quod
506 1235 694 1319 exemplum
716 1253 824 1319 neque
839 1234 904 1295 An·
961 1234 1104 1319 grapho:
1127 1227 1350 1299 HPONOIA.
1377 1231 1525 1300 ΘΕωΝ.

154 1333 303 1400 tioeheni
320 1337 391 1402 ausi
409 1349 483 1400 sunt
494 1334 572 1420 'ejus
587 1355 708 1412 numo,
738 1355 836 1420 quem
852 1356 905 1398 au·

796 1685 1048 1748 PRETIVM.

358 1885 527 1947 Commune
548 1885 702 1952 maronia

455 1984 602 2057 Aureus,
627 1983 750 2068 dequo
768 1981 914 2068 tuprein
933 1979 1191 2048 CONCORDIA
1262 2027 1272 2046 .
1315 2027 1325 2050 .
1368 1986 1501 2054 Vniout.

454 2084 616 2168 Argentei
675 2125 1323 2152 .............
1365 2089 1467 2154 ΕΒΗ.

454 2186 560 2248 Aeaei
574 2185 796 2271 cujuscunque
809 2185 935 2252 formae
989 2227 1320 2252 .......
1362 2187 1407 2252 0.

358 2289 527 2352 conamen
540 2291 725 2370 pereqra'm':

457 2386 595 2456 Vrbium
610 2391 810 2471 liberarum,
834 2403 868 2454 et
883 2388 1087 2458 coloniarum
1153 2430 1161 2447 .
1205 2433 1213 2450 .
1256 2434 1266 2452 .
1313 2434 1322 2456 .
1362 2393 1494 2456 RRRR.

670 2738 905 2804 CLODIVS
944 2737 1230 2803 ALBINVS..

218 2933 260 2997 D.
284 2931 420 3000 Clodius
438 2936 615 3022 Septimius
624 2937 761 3000 Albinus
773 2935 902 3000 Hadru·
957 2933 1045 2998 rium
1068 2948 1181 2999 contra
1196 2935 1357 3000 Iulianum
1377 2935 1628 3004 nundinatorem
1646 2963 1706 3006 vo-

155 3034 298 3098 motinua
336 3057 377 3100 ex
414 3035 531 3102 Africa
568 3037 692 3101 familia
739 3037 844 3101 nobili
860 3039 900 3118 ¹),
959 3049 1087 3111 errent,
1117 3037 1256 3100 Albinus
1280 3061 1297 3100 a
1320 3037 1386 3100 auia
1409 3038 1612 3117 (Britanniae
1632 3059 1703 3107 tum

156 3157 254 3221 qnam
282 3137 459 3202 derivatam
476 3139 588 3203 serunt
609 3139 840 3216 aPostumiis,
868 3152 902 3202 et
958 3138 1126 3221 praeerat)
1149 3141 1328 3225 imperator
1347 3154 1397 3202 eat
1416 3143 1554 3225 agnitae.
1587 3147 1629 3206 At
1645 3145 1707 3210 Se-

154 3239 285 3300 Albinia
299 3241 524 3302 Romanorum
539 3237 590 3321 b),
624 3253 783 3326 natusque
807 3253 901 3325 patre
958 3259 1057 3302 verua
1084 3239 1207 3304 bellum
1225 3241 1257 3302 in
1280 3241 1457 3320 Iulianum,
1488 3259 1522 3307 et
1540 3247 1631 3310 urbia
1652 3269 1703 3311 oa·

156 3339 296 3420 Cojouio
319 3341 496 3417 Postumo,
533 3354 638 3404 matre
661 3343 794 3406 Aurelia
818 3347 904 3406 Mee-
959 3333 1442 3424 piendaeaeonailiumkanimo
1472 3365 1624 3423 versans,
1661 3359 1707 3411 na

156 3440 315 3522 salinae).
366 3443 397 3505 A
417 3443 463 3502 nt.
487 3443 640 3519 Aurelio,
683 3441 737 3506 eui
763 3455 904 3528 propter
960 3443 1111 3540 quiaaibi
1136 3443 1176 3506 ab
1190 3443 1310 3506 Albino
1328 3457 1436 3506 metue
1460 3461 1565 3522 emet,
1590 3449 1708 3513 Caesa·

156 3539 279 3619 iidem,
320 3554 354 3606 et
374 3542 506 3608 laudem
526 3543 681 3624 bellicam
707 3564 801 3606 carue
828 3543 902 3618 suit,
959 3565 1032 3606 rem
1056 3562 1131 3610 eum
1158 3565 1219 3628 per
1239 3545 1351 3606 literae
1367 3545 1534 3624 salutavit,
1558 3570 1623 3634 quo
1647 3550 1706 3613 be·

157 3643 199 3705 ad
227 3641 419 3728 dignitates,
450 3658 483 3708 et
501 3645 706 3708 consulatum
727 3641 903 3708 aeffectum
959 3643 1167 3726 nevoientiae
1197 3633 1385 3708 testimonio
1414 3645 1478 3708 etti
1504 3647 1636 3726 fucato,
1669 3665 1703 3714 et

155 3760 329 3828 promotus
354 3745 462 3825 eatd).
495 3745 676 3810 Commodo
694 3765 797 3831 usque
819 3743 902 3809 adeo
959 3765 1021 3830 per
1048 3759 1172 3808 metum
1204 3757 1334 3807 extorto
1364 3746 1408 3808 ita
1441 3746 1504 3808 eibi
1540 3749 1706 3817 hominem

157 3845 411 3932 gratiososfuit,
433 3861 469 3910 ut
485 3847 655 3911 eumdatis
674 3845 799 3924 literis,
822 3867 902 3934 ques
961 3848 1133 3912 credulum
1157 3845 1318 3920 devinxit,
1350 3859 1387 3908 ut
1411 3846 1567 3910 haetenus
1589 3849 1624 3912 in
1647 3851 1706 3914 ob-

157 3949 365 4012 oomervavit
388 3949 609 4034 Capitolinus,
645 3947 688 4013 ad
707 3949 901 4033 capiendum
961 3949 1076 4034 aequin
1095 3959 1131 4011 et
1154 3943 1220 4010 tnta
1244 3945 1400 4012 advertus
1419 3947 1579 4014 Severum
1600 3955 1702 4036 perui·
1762 4003 1767 4010 .

158 4049 310 4115 Caesarie
327 4049 645 4127 titolum-invitaret,
676 4071 774 4136 quem
792 4064 902 4114 temen
960 4065 1064 4116 steret
1085 4048 1122 4133 s)

156 4155 184 4218 ie
201 4153 385 4230 honorem,
408 4173 482 4216 eum
493 4151 666 4218 Commodi
680 4153 801 4216 exitum
811 4171 904 4237 prae-
1201 4171 1207 4179 ·
1557 4187 1561 4194 ·

158 4251 290 4319 rideret
315 4253 441 4330 animo,
464 4269 558 4320 eante
578 4255 774 4320 detrectavit
788 4255 828 4337 θ).
852 4255 904 4316 in·
1148 4221 1185 4279 V·
1199 4218 1314 4282 ωδ·
1336 4219 1423 4280 Μ·
1435 4225 1506 4284 ¹⁹⁵⁶

156 4355 300 4420 terieoto
317 4353 491 4418 Pertinace
508 4379 582 4421 oum
592 4359 731 4443 Nigrum
749 4358 902 4442 legiones
956 4373 959 4380 ’
1098 4321 1279 4388 CAESAR·
1298 4321 1387 4386 0⁰⁶5·
1408 4322 1506 4388 ΒΜ·
1528 4325 1572 4402 ¹1⁸

159 4459 294 4548 Syriae,
334 4455 495 4524 Severum
516 4460 705 4524 Pannoniae
734 4459 775 4524 ad
799 4459 902 4544 impe·
1022 4459 1165 4526 Severus
1182 4475 1278 4522 caeso
1298 4457 1423 4521 iuliano
1441 4461 1592 4522 etfloma
1610 4473 1704 4543 oapta

194 4720 492 4802 neapnotnat.
590 4722 805 4800 nunna
906 4723 1053 4802 onte,
1140 4717 1377 4798 annam
1486 4681 1703 4795 ornam.

161 4814 187 4886 s)
204 4813 261 4873 Dio
277 4813 310 4871 L.
325 4809 458 4870 LXXIII.
478 4817 504 4890 ς.
519 4824 563 4878 15,
1434 4809 1439 4824 .

261 4905 349 4985 (rot
376 4906 464 4988 711.)
1132 4931 1140 4946 a
1473 4907 1504 4966 x
