4264 5516
841 527 847 538 .
898 476 1257 590 annotante
1306 432 1457 552 eivs,

547 665 813 734 ANTONINVS.
825 664 923 732 AVG.
941 663 1050 733 PIVS.
1059 665 1098 726 P.
1111 664 1152 726 P.

549 773 619 832 ΤΒ.
640 771 679 832 Ρ.
702 769 820 830 xxlll.
845 771 945 847 Caput
961 771 1150 839 laureatum,

547 873 601 932 ool
609 874 771 932 radiatum
784 872 881 930 etiam
900 861 940 930 iri
954 872 1025 930 Au.
1044 869 1087 929 11.

429 985 431 990 '
469 977 543 1036 Non
575 969 707 1054 repertio
736 969 832 1030 uliam
859 969 894 1030 in
919 967 1026 1029 nuntie
1054 965 1151 1049 hujus

404 1075 483 1138 atini
500 1073 614 1156 capitis
633 1069 844 1156 epigraphen.
876 1069 975 1132 Numi
993 1089 1153 1132 memora·

406 1176 543 1238 biliores
559 1187 650 1236 sunt:

776 1272 796 1312 ι

691 1315 713 1356 ιι
857 1315 878 1356 ιι

406 1376 594 1440 ΡΙΕΤΑΤΙ.
612 1373 815 1445 niueos,
834 1375 904 1436 llll.
929 1376 1046 1438 Mulier
1062 1383 1152 1434 ctare

406 1485 438 1544 d.
458 1482 604 1559 plebum,
627 1501 654 1542 e.
671 1481 828 1558 infantem
850 1479 886 1540 irs
902 1478 1008 1550 ulnis,
1030 1478 1153 1536 duobus

403 1584 484 1644 ratiis
505 1583 580 1640 ltirtc
594 1591 627 1642 et
640 1583 732 1641 illino
747 1581 959 1640 adstantibus.
990 1578 1059 1644 ‘AV-
1082 1577 1152 1640 AR.

406 1683 523 1745 AE.1.
547 1681 587 1740 Il.
611 1683 710 1761 (Mus.
733 1678 842 1760 Caes.)

469 1781 609 1864 Explica
635 1795 747 1864 typum
769 1799 809 1841 ex
830 1777 936 1840 numia
957 1777 1153 1842 divaeFau·

406 1883 509 1944 atinae
525 1877 709 1966 inscriptis:
731 1883 948 1951 PVELLAE.
978 1879 1153 1949 FAVSTI·

406 1985 582 2048 ΝΙΔΝΑΕ.

770 2082 790 2122 ι

687 2128 706 2164 ιι
851 2125 871 2163 ιι

404 2185 535 2250 VOTA.
568 2185 806 2254 evelleret.
836 2183 934 2248 ΠΕΟ.
965 2183 1026 2245 111.
1054 2179 1151 2248 COS.

405 2289 478 2351 llll.
504 2291 682 2368 Imperator
704 2293 751 2350 ad
773 2289 927 2366 tripodem
956 2287 1151 2364 sacrificam.

403 2391 474 2451 ΑΕ.
497 2391 537 2450 11.
561 2390 660 2467 (Mus.
679 2387 788 2466 Caes.)

468 2490 554 2558 Vide
577 2489 617 2552 de
657 2489 708 2551 his
740 2488 825 2555 votis
848 2487 933 2553 dictu
958 2486 1000 2550 ad
1031 2507 1149 2549 annum

407 2590 672 2674 praecedentem.

686 2691 872 2774 4.*

405 2794 502 2858 COS.
524 2795 595 2854 llll.
626 2796 802 2880 Imperator
814 2795 991 2872 paludatae
1012 2801 1102 2852 stans
1118 2794 1149 2851 d.

401 2899 636 2975 paranoaiam,
652 2899 831 2968 ewiastam
848 2898 953 2972 Juxta
972 2893 1155 2955 mulierele·

403 2999 519 3074 pltartti
541 2998 731 3073 proboscide
756 3005 839 3056 tecta
859 2998 947 3055 danti
969 2997 1154 3056 decumbens

406 3100 438 3156 d.
455 3099 575 3158 iconem
590 3098 766 3174 coatirtpit,
785 3116 812 3157 ι.
831 3099 938 3174 apicas
954 3105 1038 3155 tenet
1046 3115 1154 3173 ,pone

410 3199 556 3258 Victoria
587 3207 749 3276 tropaeam
781 3203 934 3256 tramam.
970 3195 1040 3256 ΑΕ.
1067 3216 1151 3258 max.

410 3297 498 3359 mod.
521 3297 621 3376 (Mus.
639 3294 775 3377 Pisani.)

470 3400 567 3460 Hunc
583 3410 696 3480 typum
720 3395 1154 3480 ol.lllazzolenuse1usmu·

407 3498 457 3560 sei
490 3483 599 3560 editor
629 3497 670 3560 ad
693 3497 797 3560 victos
826 3495 859 3556 in
884 3494 995 3560 Africa
1021 3501 1152 3560 Mauros

406 3599 523 3673 refert.
547 3601 672 3667 Verum
685 3597 841 3660 habemus
865 3595 1004 3659 eundem
1020 3599 1152 3662 omnino

404 3717 520 3783 typum
546 3699 580 3762 in
606 3719 706 3762 numo
720 3696 891 3763 Commodi
914 3697 956 3760 ad
981 3719 1099 3762 annum
1112 3701 1152 3767 V·

406 3804 444 3866 C.
460 3800 543 3885 943,
567 3819 664 3887 quem
678 3801 765 3866 vide.

578 4008 614 4066 V.
638 4007 669 4066 C·
692 4009 766 4068 914.
788 4005 824 4066 Ρ.
847 4003 888 4064 X·
915 4009 983 4064 161.

412 4111 474 4168 Te.
513 4110 550 4168 P.
573 4107 694 4167 XXIV.
727 4105 817 4166 COS.
837 4106 895 4164 IV.
917 4107 955 4164 P.
985 4105 1032 4165 Μ.
1059 4106 1095 4165 Ρ.
1117 4107 1152 4165 P.

630 4273 634 4278 ¹
699 4205 788 4265 IMP.
809 4207 855 4266 II.

1209 657 1443 747 exstinguitur,
1483 664 1572 748 quod
1601 664 1724 729 sactum
1753 659 1955 747 chronologi

1209 769 1262 829 die
1282 770 1354 834 Vll.
1373 765 1482 828 lilartii
1496 779 1630 828 censent
1648 767 1839 828 consulibus
1856 766 1956 848 hujus

1209 870 1284 930 anni
1308 871 1352 930 M.
1374 868 1511 929 Aurelio
1536 867 1627 930 Caes.
1652 869 1706 928 111.
1740 869 1779 930 L.
1797 871 1890 935 Vero
1914 868 1956 932 ΙΙ.

1208 971 1261 1032 Ex
1290 988 1453 1030 marmore
1478 967 1585 1051 posito
1615 969 1655 1028 X.
1678 967 1779 1030 Kln.
1807 971 1956 1034 tenth.

1209 1069 1305 1154 hujus
1321 1071 1396 1132 anni
1412 1071 1440 1149 ¹¹)
1458 1083 1584 1132 certum
1601 1069 1657 1146 fit,
1680 1071 1881 1134 Antoninum
1892 1069 1957 1132 boe

1210 1170 1274 1247 die,
1302 1191 1360 1234 seu
1377 1174 1494 1241 xx1v.
1511 1173 1621 1234 Martii
1637 1192 1707 1254 non,
1718 1172 1858 1254 amplius
1877 1169 1958 1232 fuis·

1210 1273 1495 1358 temperantem,
1519 1273 1671 1360 qnoniam
1689 1275 1722 1335 in
1747 1293 1788 1336 eo
1814 1287 1957 1356 uterque

1210 1373 1324 1436 oonsul
1341 1375 1406 1458 jam
1415 1378 1581 1460 Augustus
1597 1376 1726 1440 dicitur.
1748 1373 1855 1448 Vide,
1872 1392 1958 1458 quae

1211 1475 1252 1537 de
1272 1498 1372 1551 anno,
1396 1489 1429 1538 et
1454 1497 1565 1539 mense
1587 1477 1702 1540 mortis
1725 1476 1821 1560 plura
1847 1475 1960 1558 dispu-

1209 1576 1348 1640 tavimus
1365 1575 1398 1640 in
1419 1579 1575 1640 Antonini
1590 1580 1696 1640 numia
1712 1575 1958 1640 Alexandrinis.

1274 1679 1350 1742 Fuit
1386 1682 1568 1746 Antoninus
1606 1679 1802 1764 conspicuus
1836 1677 1958 1750 forma,

1210 1801 1378 1857 sermone,
1401 1783 1524 1866 ingenii
1542 1803 1579 1845 ao
1598 1781 1781 1843 litterarum
1799 1779 1909 1854 cultu,
1927 1791 1961 1840 at

1210 1884 1312 1945 multo
1332 1883 1493 1946 illustrior
1510 1883 1671 1968 probitate
1689 1901 1841 1957 morum,
1859 1893 1959 1963 atque

1209 1985 1394 2048 innocentia
1418 1985 1522 2060 ritae,
1538 1967 1627 2070 'quae
1644 1997 1734 2048 tanta
1753 1985 1788 2045 in
1815 2003 1857 2044 eo
1883 1981 1960 2056 fuit,

1211 2101 1246 2148 ut
1263 2107 1327 2148 uno
1341 2105 1432 2149 orca
1452 2087 1617 2150 veteribus
1635 2099 1774 2169 propter
1799 2083 1961 2168 pietatem

1211 2201 1244 2250 et
1267 2188 1301 2248 in
1322 2205 1430 2252 sacras
1456 2187 1669 2251 caerimonias
1691 2183 1860 2248 adiectum
1883 2203 1961 2247 oum

1210 2291 1315 2350 Numa
1344 2303 1607 2372 compararetur,
1637 2301 1736 2373 atque
1762 2286 1836 2370 ipse
1867 2303 1961 2346 men·

1211 2409 1319 2450 suram
1351 2390 1491 2452 niominis
1510 2391 1567 2452 Pll
1585 2411 1645 2474 per
1673 2408 1783 2452 mores
1809 2388 1962 2500 integros

1212 2501 1246 2551 et
1268 2490 1449 2572 inculpatos
1473 2493 1558 2574 parti
1583 2491 1625 2554 ad
1651 2491 1735 2553 vitae
1759 2507 1909 2572 usque
1893 2485 1962 2547 exi·
2028 2499 2033 2506 '

1208 2604 1277 2653 tum
1296 2589 1500 2708 adimpleret.
1540 2594 1621 2655 Cum
1646 2606 1734 2654 esset
1747 2589 1901 2675 placidus
1922 2607 1961 2652 ac

1207 2692 1295 2754 mitis
1318 2693 1470 2776 ingenio,
1502 2715 1610 2756 amans
1641 2693 1778 2756 innocui
1812 2692 1848 2752 in
1870 2689 1963 2774 agris

1211 2793 1289 2869 otii,
1311 2794 1540 2878 indulgentia
1531 2817 1564 2856 m
1581 2815 1638 2858 eos
1654 2815 1804 2879 quoque,
1827 2813 1888 2907 qut
1877 2789 1965 2852 '·de

1210 2893 1358 2978 liquere,
1391 2896 1564 2979 singulari,
1587 2911 1695 2959 tamen
1723 2894 1814 2958 omni
1837 2891 1964 2956 virium

1212 2997 1421 3058 contentione
1458 2997 1704 3060 adtuendam
1696 2995 1829 3080 imperii
1861 2993 1965 3074 maje-

1211 3110 1344 3173 statem,
1366 3117 1404 3160 ae
1426 3095 1618 3161 felicitatem
1643 3097 1792 3160 incubuit
1813 3095 1966 3161 coercita

1210 3197 1397 3280 praesidum
1423 3199 1571 3275 avaritia,
1602 3199 1801 3296 compressis
1826 3197 1966 3260 seditio·

1210 3297 1323 3372 nibus,
1346 3297 1495 3360 hostibus
1516 3301 1664 3362 exterma
1690 3302 1879 3383 legatorum
1900 3298 1968 3358 vir·

1211 3411 1280 3460 tute
1314 3403 1403 3476 (uam
1425 3399 1549 3462 bellum
1573 3421 1633 3486 per
1662 3422 1697 3463 se
1729 3401 1811 3483 ipse
1830 3399 1966 3472 nullum

1211 3499 1338 3582 gessit>
1372 3499 1412 3561 ad
1451 3502 1625 3583 petendam
1664 3521 1779 3585 paoem
1820 3501 1966 3563 adactis.

1210 3601 1306 3662 Enim
1333 3621 1412 3662 voro
1430 3623 1594 3686 uunquam
1621 3603 1725 3685 majus
1749 3601 1967 3685 sanctiusque

1210 3701 1271 3762 suit
1297 3701 1427 3784 imperii
1455 3703 1594 3764 Romani
1617 3722 1757 3778 nomen,
1790 3707 1875 3766 adeo
1904 3714 1969 3764 tre·

1210 3807 1365 3865 moribus
1386 3825 1473 3877 eum,
1506 3817 1542 3864 ut
1567 3803 1612 3864 nit
1639 3803 1758 3870 Victor
1777 3801 1833 3884 ¹³),
1864 3815 1970 3886 atque

1210 3907 1392 3964 amontibur
1406 3909 1528 3966 cunctis
1544 3909 1690 3985 rapidae,
1708 3893 1970 3987 nationibusque

1211 4015 1243 4066 et
1260 4007 1404 4083 populis,
1437 4016 1475 4066 at
1497 4018 1679 4084 parentem,
1713 4017 1970 4083 impetrantem

1210 4108 1332 4182 maffia,
1355 4127 1451 4188 qaam
1467 4111 1629 4170 dominum
1639 4111 1906 4187 imperatoremve
1918 4127 1971 4170 re·

1207 4217 1373 4286 putarant,
1395 4227 1564 4290 omnesque
1575 4229 1639 4271 aaa
1657 4230 1712 4270 ore
1727 4213 1763 4270 ia
1775 4213 1972 4272 coelestiam

408 4309 452 4366 Μ.
476 4305 587 4366 Aurei.
609 4306 696 4365 Caes.
718 4306 781 4365 III.
811 4309 849 4369 1..
871 4308 944 4371 Aoi.
966 4306 1046 4368 Aur.
1069 4307 1154 4384 Cont-
1210 4312 1506 4388 merempropitr'am
1520 4313 1716 4388 optanteede
1732 4313 1973 4372 coanoeersiir

652 4407 744 4465 modo
766 4406 811 4467 11.
837 4425 901 4468 cos.

1210 4411 1292 4469 inter
1300 4427 1335 4469 re
1341 4413 1487 4485 judicem
1491 4421 1668 4486 poscerent.
1691 4415 1855 4494 Adonem
1864 4408 1973 4473 etiarn

471 4504 545 4564 Hoc
575 4521 660 4564 anno
690 4503 872 4568 Antoninus
902 4505 988 4589 apud
1015 4507 1150 4570 Lorium
1208 4512 1298 4580 lodi,
1320 4513 1447 4584 Bactri,
1470 4513 1615 4588 Hyrcani
1630 4515 1756 4591 tapetas
1777 4515 1900 4576 misere
1915 4516 1974 4588 iu·

460 4731 494 4799 a)
513 4725 633 4803 Vignoli
652 4727 690 4787 de
708 4726 852 4790 eolmna
871 4733 979 4792 Aulon.
997 4736 1037 4808 tp.
1058 4745 1102 4798 51.
1202 4733 1238 4807 lt)
1257 4733 1288 4790 in
1307 4735 1449 4814 Epitome.
