<?xml version="1.0" encoding="UTF-8"?>
<!DOCTYPE html PUBLIC "-//W3C//DTD XHTML 1.0 Transitional//EN"
    "http://www.w3.org/TR/xhtml1/DTD/xhtml1-transitional.dtd">
<html xmlns="http://www.w3.org/1999/xhtml" xml:lang="en" lang="en">
 <head>
  <title>
</title>
<meta http-equiv="Content-Type" content="text/html;charset=utf-8" />
  <meta name='ocr-system' content='tesseract 3.04.00' />
  <meta name='ocr-capabilities' content='ocr_page ocr_carea ocr_par ocr_line ocrx_word'/>
</head>
<body>
  <div class='ocr_page' id='page_1' title='image "./doctrinanumorum00hohlgoog/doctrinanumorum00hohlgoog_0489.png"; bbox 0 0 4158 5496; ppageno 0'>
   <div class='ocr_carea' id='block_1_1' title="bbox 442 405 1698 516">
    <p class='ocr_par' dir='ltr' id='par_1_1' title="bbox 442 303 1999 516">
     <span class='ocr_line' id='line_1_1' title="bbox 442 405 1698 516; baseline -0.001 -27"><span class='ocrx_word' id='word_1_1' title='bbox 442 429 515 516; x_wconf 71' lang='lat' dir='ltr'><strong>„a</strong></span> <span class='ocrx_word' id='word_1_2' title='bbox 886 415 1187 492; x_wconf 76' lang='lat' dir='ltr'><strong>cnavnrvs</strong></span> <span class='ocrx_word' id='word_1_3' title='bbox 1222 412 1543 490; x_wconf 73' lang='lat' dir='ltr'><strong>coruscus</strong></span> <span class='ocrx_word' id='word_1_4' title='bbox 1696 405 1698 412; x_wconf 87' lang='grc'><strong><em>·</em></strong></span> 
     </span>
    </p>
   </div>
   <div class='ocr_carea' id='block_1_2' title="bbox 297 597 1999 3831">
    <p class='ocr_par' dir='ltr' id='par_1_2' title="bbox 341 597 1999 2426">
     <span class='ocr_line' id='line_1_2' title="bbox 444 597 1934 688; baseline 0.005 -21"><span class='ocrx_word' id='word_1_5' title='bbox 444 613 485 680; x_wconf 81' lang='lat' dir='ltr'><strong>v,</strong></span> <span class='ocrx_word' id='word_1_6' title='bbox 512 609 547 680; x_wconf 79' lang='lat' dir='ltr'><strong>c.</strong></span> <span class='ocrx_word' id='word_1_7' title='bbox 575 621 674 678; x_wconf 82' lang='lat' dir='ltr'><strong>uoau‚</strong></span> <span class='ocrx_word' id='word_1_8' title='bbox 707 600 825 666; x_wconf 77' lang='lat' dir='ltr'>exinde</span> <span class='ocrx_word' id='word_1_9' title='bbox 846 602 876 663; x_wconf 88' lang='lat' dir='ltr'>B</span> <span class='ocrx_word' id='word_1_10' title='bbox 897 599 1072 686; x_wconf 76' lang='lat' dir='ltr'><strong>nequead</strong></span> <span class='ocrx_word' id='word_1_11' title='bbox 1100 600 1189 665; x_wconf 88' lang='lat' dir='ltr'><strong>idem</strong></span> <span class='ocrx_word' id='word_1_12' title='bbox 1245 598 1352 668; x_wconf 81' lang='lat' dir='ltr'><strong>visum</strong></span> <span class='ocrx_word' id='word_1_13' title='bbox 1370 613 1420 664; x_wconf 85' lang='lat' dir='ltr'><strong>est</strong></span> <span class='ocrx_word' id='word_1_14' title='bbox 1434 600 1585 666; x_wconf 79' lang='lat' dir='ltr'><strong>Triatrus</strong></span> <span class='ocrx_word' id='word_1_15' title='bbox 1600 597 1647 684; x_wconf 83' lang='lat'><strong>¹¹),</strong></span> <span class='ocrx_word' id='word_1_16' title='bbox 1668 613 1704 666; x_wconf 86' lang='lat' dir='ltr'><strong>nt</strong></span> <span class='ocrx_word' id='word_1_17' title='bbox 1717 607 1934 688; x_wconf 71' lang='lat' dir='ltr'><strong>generationis</strong></span> 
     </span>
     <span class='ocr_line' id='line_1_3' title="bbox 445 701 1933 798; baseline -0.001 -24"><span class='ocrx_word' id='word_1_18' title='bbox 445 727 575 798; x_wconf 80' lang='lat' dir='ltr'><strong>tempus</strong></span> <span class='ocrx_word' id='word_1_19' title='bbox 607 705 682 770; x_wconf 86' lang='lat' dir='ltr'><strong>anni</strong></span> <span class='ocrx_word' id='word_1_20' title='bbox 717 721 815 782; x_wconf 80' lang='lat' dir='ltr'><strong>roua,</strong></span> <span class='ocrx_word' id='word_1_21' title='bbox 852 725 917 792; x_wconf 88' lang='lat' dir='ltr'><strong>quo</strong></span> <span class='ocrx_word' id='word_1_22' title='bbox 948 705 1061 788; x_wconf 88' lang='lat' dir='ltr'><strong>eoepit</strong></span> <span class='ocrx_word' id='word_1_23' title='bbox 1088 701 1218 767; x_wconf 83' lang='lat' dir='ltr'><strong>anuus&#39;</strong></span> <span class='ocrx_word' id='word_1_24' title='bbox 1247 701 1394 764; x_wconf 87' lang='lat' dir='ltr'><strong>moribus</strong></span> <span class='ocrx_word' id='word_1_25' title='bbox 1412 703 1618 766; x_wconf 84' lang='lat' dir='ltr'><strong>Panrinianis</strong></span> <span class='ocrx_word' id='word_1_26' title='bbox 1640 706 1933 790; x_wconf 85' lang='lat' dir='ltr'><strong>perparumlideiln·</strong></span> 
     </span>
     <span class='ocr_line' id='line_1_4' title="bbox 443 803 1999 896; baseline 0.003 -22"><span class='ocrx_word' id='word_1_27' title='bbox 443 807 473 876; x_wconf 87' lang='grc' dir='ltr'><strong>Γ</strong></span> <span class='ocrx_word' id='word_1_28' title='bbox 483 848 495 890; x_wconf 79' lang='lat'><strong>,</strong></span> <span class='ocrx_word' id='word_1_29' title='bbox 517 825 614 894; x_wconf 85' lang='lat' dir='ltr'><strong>atque</strong></span> <span class='ocrx_word' id='word_1_30' title='bbox 637 807 701 872; x_wconf 91' lang='lat' dir='ltr'><strong>hoc</strong></span> <span class='ocrx_word' id='word_1_31' title='bbox 723 807 854 890; x_wconf 87' lang='lat' dir='ltr'><strong>labente</strong></span> <span class='ocrx_word' id='word_1_32' title='bbox 872 818 1020 868; x_wconf 87' lang='lat' dir='ltr'><strong>mortuus</strong></span> <span class='ocrx_word' id='word_1_33' title='bbox 1037 819 1087 868; x_wconf 85' lang='lat' dir='ltr'><strong>est</strong></span> <span class='ocrx_word' id='word_1_34' title='bbox 1104 824 1190 866; x_wconf 89' lang='lat' dir='ltr'><strong>anno</strong></span> <span class='ocrx_word' id='word_1_35' title='bbox 1247 803 1417 890; x_wconf 80' lang='lat' dir='ltr'><strong>partimur.</strong></span> <span class='ocrx_word' id='word_1_36' title='bbox 1455 805 1512 896; x_wconf 48' lang='lat' dir='ltr'><strong>¹Ex</strong></span> <span class='ocrx_word' id='word_1_37' title='bbox 1543 804 1593 868; x_wconf 86' lang='lat' dir='ltr'><strong>bis</strong></span> <span class='ocrx_word' id='word_1_38' title='bbox 1624 807 1822 884; x_wconf 69' lang='lat' dir='ltr'><strong>testimoniis,</strong></span> <span class='ocrx_word' id='word_1_39' title='bbox 1850 813 1933 893; x_wconf 75' lang='lat' dir='ltr'><strong>qualis</strong></span> <span class='ocrx_word' id='word_1_40' title='bbox 1998 823 1999 896; x_wconf 64' lang='lat' dir='ltr'><strong>l</strong></span> 
     </span>
     <span class='ocr_line' id='line_1_5' title="bbox 444 899 1999 995; baseline 0.001 -21"><span class='ocrx_word' id='word_1_41' title='bbox 444 913 570 977; x_wconf 84' lang='lat' dir='ltr'><strong>loliano</strong></span> <span class='ocrx_word' id='word_1_42' title='bbox 598 909 689 978; x_wconf 70' lang='lat' dir='ltr'><strong>qoud.</strong></span> <span class='ocrx_word' id='word_1_43' title='bbox 708 908 877 972; x_wconf 85' lang='lat' dir='ltr'><strong>·Norisius</strong></span> <span class='ocrx_word' id='word_1_44' title='bbox 899 927 972 968; x_wconf 90' lang='lat' dir='ltr'><strong>cnm</strong></span> <span class='ocrx_word' id='word_1_45' title='bbox 995 904 1124 970; x_wconf 82' lang='lat' dir='ltr'><strong>videret</strong></span> <span class='ocrx_word' id='word_1_46' title='bbox 1145 905 1193 966; x_wconf 87' lang='lat' dir='ltr'><strong>le·</strong></span> <span class='ocrx_word' id='word_1_47' title='bbox 1248 925 1389 992; x_wconf 88' lang='lat' dir='ltr'><strong>cumque</strong></span> <span class='ocrx_word' id='word_1_48' title='bbox 1406 924 1445 968; x_wconf 88' lang='lat' dir='ltr'><strong>ea</strong></span> <span class='ocrx_word' id='word_1_49' title='bbox 1461 905 1543 984; x_wconf 87' lang='lat' dir='ltr'><strong>sint,</strong></span> <span class='ocrx_word' id='word_1_50' title='bbox 1566 907 1743 992; x_wconf 88' lang='lat' dir='ltr'><strong>conjiciunt</strong></span> <span class='ocrx_word' id='word_1_51' title='bbox 1756 911 1893 995; x_wconf 79' lang='lat' dir='ltr'><strong>plerique,</strong></span> <span class='ocrx_word' id='word_1_52' title='bbox 1908 916 1933 978; x_wconf 85' lang='lat' dir='ltr'><strong>al</strong></span> <span class='ocrx_word' id='word_1_53' title='bbox 1998 899 1999 974; x_wconf 75' lang='lat' dir='ltr'><strong>i</strong></span> 
     </span>
     <span class='ocr_line' id='line_1_6' title="bbox 445 1005 1999 1100; baseline -0.005 -22"><span class='ocrx_word' id='word_1_54' title='bbox 445 1011 709 1100; x_wconf 84' lang='lat' dir='ltr'><strong>gemsClaudio</strong></span> <span class='ocrx_word' id='word_1_55' title='bbox 727 1006 1190 1093; x_wconf 86' lang='lat' dir='ltr'><strong>subscriptamexantcdiern</strong></span> <span class='ocrx_word' id='word_1_56' title='bbox 1248 1005 1312 1070; x_wconf 89' lang='lat' dir='ltr'><strong>boc</strong></span> <span class='ocrx_word' id='word_1_57' title='bbox 1344 1008 1675 1094; x_wconf 86' lang='lat' dir='ltr'><strong>Constantium,-qui</strong></span> <span class='ocrx_word' id='word_1_58' title='bbox 1704 1009 1819 1074; x_wconf 82' lang='lat' dir='ltr'><strong>Claudii</strong></span> <span class='ocrx_word' id='word_1_59' title='bbox 1843 1019 1934 1097; x_wconf 69' lang='lat' dir='ltr'><strong>generis</strong></span> <span class='ocrx_word' id='word_1_60' title='bbox 1998 1023 1999 1070; x_wconf 69' lang='lat' dir='ltr'><strong>t</strong></span> 
     </span>
     <span class='ocr_line' id='line_1_7' title="bbox 444 1107 1999 1201; baseline 0.001 -23"><span class='ocrx_word' id='word_1_61' title='bbox 444 1117 534 1186; x_wconf 76' lang='lat' dir='ltr'><strong>vltt.</strong></span> <span class='ocrx_word' id='word_1_62' title='bbox 563 1113 639 1178; x_wconf 87' lang='lat' dir='ltr'><strong>Kal.</strong></span> <span class='ocrx_word' id='word_1_63' title='bbox 670 1111 876 1175; x_wconf 82' lang='lat' dir='ltr'><strong>Nouembres</strong></span> <span class='ocrx_word' id='word_1_64' title='bbox 906 1111 1065 1194; x_wconf 76' lang='lat' dir='ltr'><strong>postremi</strong></span> <span class='ocrx_word' id='word_1_65' title='bbox 1095 1107 1191 1192; x_wconf 80' lang='lat' dir='ltr'><strong>hujus</strong></span> <span class='ocrx_word' id='word_1_66' title='bbox 1247 1109 1359 1194; x_wconf 86' lang='lat' dir='ltr'><strong>proles</strong></span> <span class='ocrx_word' id='word_1_67' title='bbox 1389 1109 1509 1173; x_wconf 89' lang='lat' dir='ltr'><strong>dieitur</strong></span> <span class='ocrx_word' id='word_1_68' title='bbox 1530 1111 1721 1190; x_wconf 82' lang='lat' dir='ltr'><strong>Trebellio,</strong></span> <span class='ocrx_word' id='word_1_69' title='bbox 1747 1113 1839 1174; x_wconf 79' lang='lat' dir='ltr'><strong>Flavii</strong></span> <span class='ocrx_word' id='word_1_70' title='bbox 1860 1119 1934 1201; x_wconf 81' lang='lat' dir='ltr'><strong>appel</strong></span> <span class='ocrx_word' id='word_1_71' title='bbox 1998 1111 1999 1200; x_wconf 52' lang='lat' dir='ltr'><strong>i</strong></span> 
     </span>
     <span class='ocr_line' id='line_1_8' title="bbox 341 1211 1999 1314; baseline -0.002 -30"><span class='ocrx_word' id='word_1_72' title='bbox 341 1213 343 1220; x_wconf 45' lang='lat'><strong><em>⁴</em></strong></span> <span class='ocrx_word' id='word_1_73' title='bbox 445 1219 540 1314; x_wconf 79' lang='lat' dir='ltr'><strong>aquai,</strong></span> <span class='ocrx_word' id='word_1_74' title='bbox 571 1216 678 1302; x_wconf 83' lang='lat' dir='ltr'><strong>arguit</strong></span> <span class='ocrx_word' id='word_1_75' title='bbox 704 1227 818 1278; x_wconf 81' lang='lat' dir='ltr'><strong>contra</strong></span> <span class='ocrx_word' id='word_1_76' title='bbox 839 1211 1009 1274; x_wconf 80' lang='lat' dir='ltr'><strong>Patauium</strong></span> <span class='ocrx_word' id='word_1_77' title='bbox 1032 1211 1190 1296; x_wconf 82' lang='lat' dir='ltr'><strong>aliosque,</strong></span> <span class='ocrx_word' id='word_1_78' title='bbox 1247 1211 1404 1274; x_wconf 91' lang='lat' dir='ltr'><strong>lationem</strong></span> <span class='ocrx_word' id='word_1_79' title='bbox 1432 1212 1591 1290; x_wconf 81' lang='lat' dir='ltr'><strong>traxisse,</strong></span> <span class='ocrx_word' id='word_1_80' title='bbox 1623 1213 1665 1276; x_wconf 87' lang='lat' dir='ltr'><strong>de</strong></span> <span class='ocrx_word' id='word_1_81' title='bbox 1693 1235 1756 1298; x_wconf 89' lang='lat' dir='ltr'><strong>quo</strong></span> <span class='ocrx_word' id='word_1_82' title='bbox 1780 1214 1844 1277; x_wconf 80' lang='lat' dir='ltr'><strong>ride</strong></span> <span class='ocrx_word' id='word_1_83' title='bbox 1861 1218 1934 1301; x_wconf 81' lang='lat' dir='ltr'><strong>dispu·</strong></span> <span class='ocrx_word' id='word_1_84' title='bbox 1998 1235 1999 1290; x_wconf 74' lang='lat' dir='ltr'><strong>l</strong></span> 
     </span>
     <span class='ocr_line' id='line_1_9' title="bbox 415 1309 1999 1407; baseline -0.001 -21"><span class='ocrx_word' id='word_1_85' title='bbox 415 1363 418 1375; x_wconf 85' lang='lat'><strong>·</strong></span> <span class='ocrx_word' id='word_1_86' title='bbox 446 1319 618 1388; x_wconf 83' lang='lat' dir='ltr'><strong>Claudium</strong></span> <span class='ocrx_word' id='word_1_87' title='bbox 656 1329 797 1380; x_wconf 87' lang='lat' dir='ltr'><strong>exeunte</strong></span> <span class='ocrx_word' id='word_1_88' title='bbox 835 1314 975 1378; x_wconf 82' lang='lat' dir='ltr'><strong>Octobri</strong></span> <span class='ocrx_word' id='word_1_89' title='bbox 1008 1313 1080 1394; x_wconf 83' lang='lat' dir='ltr'><strong>ejus</strong></span> <span class='ocrx_word' id='word_1_90' title='bbox 1115 1313 1191 1374; x_wconf 90' lang='lat' dir='ltr'><strong>unni</strong></span> <span class='ocrx_word' id='word_1_91' title='bbox 1248 1327 1371 1376; x_wconf 86' lang='lat' dir='ltr'><strong>tantem</strong></span> <span class='ocrx_word' id='word_1_92' title='bbox 1395 1313 1590 1378; x_wconf 73' lang='lat' dir='ltr'><strong>salmasium</strong></span> <span class='ocrx_word' id='word_1_93' title='bbox 1611 1309 1649 1395; x_wconf 69' lang='grc' dir='ltr'><strong>ἱ).</strong></span> <span class='ocrx_word' id='word_1_94' title='bbox 1685 1314 1778 1407; x_wconf 78' lang='lat' dir='ltr'><strong>Quod</strong></span> <span class='ocrx_word' id='word_1_95' title='bbox 1795 1337 1859 1382; x_wconf 83' lang='lat' dir='ltr'><strong>uero</strong></span> <span class='ocrx_word' id='word_1_96' title='bbox 1875 1318 1932 1385; x_wconf 87' lang='lat' dir='ltr'><strong>iden</strong></span> <span class='ocrx_word' id='word_1_97' title='bbox 1998 1375 1999 1396; x_wconf 74' lang='lat'><strong>,</strong></span> 
     </span>
     <span class='ocr_line' id='line_1_10' title="bbox 444 1415 1932 1508; baseline -0.001 -23"><span class='ocrx_word' id='word_1_98' title='bbox 444 1423 550 1490; x_wconf 84' lang='lat' dir='ltr'><strong>adhue</strong></span> <span class='ocrx_word' id='word_1_99' title='bbox 581 1419 758 1499; x_wconf 80' lang='lat' dir='ltr'><strong>uixisse·).</strong></span> <span class='ocrx_word' id='word_1_100' title='bbox 802 1417 927 1486; x_wconf 85' lang='lat' dir='ltr'><strong>Verum</strong></span> <span class='ocrx_word' id='word_1_101' title='bbox 960 1429 1190 1508; x_wconf 72' lang='lat' dir='ltr'><strong>praeterquam</strong></span> <span class='ocrx_word' id='word_1_102' title='bbox 1248 1434 1289 1478; x_wconf 82' lang='lat' dir='ltr'><strong>ex</strong></span> <span class='ocrx_word' id='word_1_103' title='bbox 1319 1415 1477 1478; x_wconf 79' lang='lat' dir='ltr'><strong>Pontinio</strong></span> <span class='ocrx_word' id='word_1_104' title='bbox 1508 1429 1690 1494; x_wconf 83' lang='lat' dir='ltr'><strong>memorat,</strong></span> <span class='ocrx_word' id='word_1_105' title='bbox 1720 1433 1790 1480; x_wconf 88' lang='lat' dir='ltr'><strong>enm</strong></span> <span class='ocrx_word' id='word_1_106' title='bbox 1813 1417 1840 1478; x_wconf 90' lang='lat' dir='ltr'><strong>in</strong></span> <span class='ocrx_word' id='word_1_107' title='bbox 1861 1423 1932 1484; x_wconf 80' lang='lat' dir='ltr'><strong>nunt</strong></span> 
     </span>
     <span class='ocr_line' id='line_1_11' title="bbox 444 1511 1999 1610; baseline -0.001 -24"><span class='ocrx_word' id='word_1_108' title='bbox 444 1521 533 1610; x_wconf 88' lang='lat' dir='ltr'><strong>quod</strong></span> <span class='ocrx_word' id='word_1_109' title='bbox 555 1521 674 1606; x_wconf 85' lang='lat' dir='ltr'><strong>exigua</strong></span> <span class='ocrx_word' id='word_1_110' title='bbox 695 1520 810 1584; x_wconf 88' lang='lat' dir='ltr'><strong>harum</strong></span> <span class='ocrx_word' id='word_1_111' title='bbox 842 1517 1116 1602; x_wconf 73' lang='lat' dir='ltr'><strong>subscriptionum</strong></span> <span class='ocrx_word' id='word_1_112' title='bbox 1140 1530 1191 1580; x_wconf 81' lang='lat' dir='ltr'><strong>eut</strong></span> <span class='ocrx_word' id='word_1_113' title='bbox 1243 1516 1368 1608; x_wconf 84' lang='lat' dir='ltr'><strong>passim</strong></span> <span class='ocrx_word' id='word_1_114' title='bbox 1390 1515 1455 1580; x_wconf 91' lang='lat' dir='ltr'><strong>dici</strong></span> <span class='ocrx_word' id='word_1_115' title='bbox 1476 1520 1523 1579; x_wconf 70' lang='grc' dir='ltr'><strong>ΡΙ.</strong></span> <span class='ocrx_word' id='word_1_116' title='bbox 1548 1521 1731 1596; x_wconf 79' lang='lat' dir='ltr'><strong>Claudium,</strong></span> <span class='ocrx_word' id='word_1_117' title='bbox 1752 1518 1828 1582; x_wconf 84' lang='lat' dir='ltr'><strong>istud</strong></span> <span class='ocrx_word' id='word_1_118' title='bbox 1845 1517 1931 1600; x_wconf 83' lang='lat' dir='ltr'><strong>fultum,</strong></span> <span class='ocrx_word' id='word_1_119' title='bbox 1998 1511 1999 1552; x_wconf 73' lang='lat' dir='ltr'><strong>t</strong></span> 
     </span>
     <span class='ocr_line' id='line_1_12' title="bbox 442 1617 1931 1704; baseline -0.002 -18"><span class='ocrx_word' id='word_1_120' title='bbox 442 1625 543 1702; x_wconf 84' lang='lat' dir='ltr'><strong>tides,</strong></span> <span class='ocrx_word' id='word_1_121' title='bbox 565 1625 684 1684; x_wconf 90' lang='lat' dir='ltr'><strong>miram</strong></span> <span class='ocrx_word' id='word_1_122' title='bbox 707 1620 893 1693; x_wconf 84' lang='lat' dir='ltr'><strong>rideretur,</strong></span> <span class='ocrx_word' id='word_1_123' title='bbox 914 1619 949 1680; x_wconf 90' lang='lat' dir='ltr'><strong>in</strong></span> <span class='ocrx_word' id='word_1_124' title='bbox 970 1633 1190 1682; x_wconf 77' lang='lat' dir='ltr'><strong>tentanumo·</strong></span> <span class='ocrx_word' id='word_1_125' title='bbox 1246 1619 1340 1681; x_wconf 90' lang='lat' dir='ltr'><strong>nullo</strong></span> <span class='ocrx_word' id='word_1_126' title='bbox 1370 1617 1451 1680; x_wconf 88' lang='lat' dir='ltr'><strong>mibi</strong></span> <span class='ocrx_word' id='word_1_127' title='bbox 1480 1619 1616 1704; x_wconf 86' lang='lat' dir='ltr'><strong>cognito</strong></span> <span class='ocrx_word' id='word_1_128' title='bbox 1647 1617 1719 1704; x_wconf 85' lang='lat' dir='ltr'><strong>ejus</strong></span> <span class='ocrx_word' id='word_1_129' title='bbox 1746 1641 1834 1682; x_wconf 88' lang='lat' dir='ltr'><strong>numo</strong></span> <span class='ocrx_word' id='word_1_130' title='bbox 1855 1621 1931 1684; x_wconf 82' lang='lat' dir='ltr'><strong>siolu-</strong></span> 
     </span>
     <span class='ocr_line' id='line_1_13' title="bbox 441 1719 1381 1804; baseline -0.003 -15"><span class='ocrx_word' id='word_1_131' title='bbox 441 1747 516 1790; x_wconf 86' lang='lat' dir='ltr'><strong>rum</strong></span> <span class='ocrx_word' id='word_1_132' title='bbox 534 1721 831 1788; x_wconf 80' lang='lat' dir='ltr'><strong>Alexandrinorum</strong></span> <span class='ocrx_word' id='word_1_133' title='bbox 853 1720 948 1804; x_wconf 82' lang='lat' dir='ltr'><strong>copia</strong></span> <span class='ocrx_word' id='word_1_134' title='bbox 968 1740 1042 1783; x_wconf 88' lang='lat' dir='ltr'><strong>cum</strong></span> <span class='ocrx_word' id='word_1_135' title='bbox 1060 1719 1189 1784; x_wconf 84' lang='lat' dir='ltr'><strong>Claudii</strong></span> <span class='ocrx_word' id='word_1_136' title='bbox 1246 1721 1381 1804; x_wconf 86' lang='lat' dir='ltr'><strong>scripto.</strong></span> 
     </span>
     <span class='ocr_line' id='line_1_14' title="bbox 442 1820 1928 1910; baseline -0.001 -20"><span class='ocrx_word' id='word_1_137' title='bbox 442 1825 549 1910; x_wconf 84' lang='lat' dir='ltr'><strong>eapite</strong></span> <span class='ocrx_word' id='word_1_138' title='bbox 570 1843 802 1909; x_wconf 85' lang='lat' dir='ltr'><strong>percussorum</strong></span> <span class='ocrx_word' id='word_1_139' title='bbox 836 1821 963 1884; x_wconf 90' lang='lat' dir='ltr'><strong>nullum</strong></span> <span class='ocrx_word' id='word_1_140' title='bbox 986 1835 1113 1886; x_wconf 90' lang='lat' dir='ltr'><strong>certum</strong></span> <span class='ocrx_word' id='word_1_141' title='bbox 1134 1825 1190 1885; x_wconf 81' lang='lat' dir='ltr'><strong>‘re-</strong></span> <span class='ocrx_word' id='word_1_142' title='bbox 1312 1827 1469 1888; x_wconf 82' lang='lat' dir='ltr'><strong>Valerius.</strong></span> <span class='ocrx_word' id='word_1_143' title='bbox 1491 1821 1599 1884; x_wconf 88' lang='lat' dir='ltr'><strong>Etiam</strong></span> <span class='ocrx_word' id='word_1_144' title='bbox 1620 1822 1669 1886; x_wconf 86' lang='lat' dir='ltr'><strong>sic</strong></span> <span class='ocrx_word' id='word_1_145' title='bbox 1685 1820 1787 1884; x_wconf 89' lang='lat' dir='ltr'><strong>obiter</strong></span> <span class='ocrx_word' id='word_1_146' title='bbox 1798 1824 1928 1889; x_wconf 76' lang='lat' dir='ltr'><strong>uunuuu</strong></span> 
     </span>
     <span class='ocr_line' id='line_1_15' title="bbox 442 1913 1927 2018; baseline -0.003 -26"><span class='ocrx_word' id='word_1_147' title='bbox 442 1927 547 2016; x_wconf 84' lang='lat' dir='ltr'><strong>periri</strong></span> <span class='ocrx_word' id='word_1_148' title='bbox 567 1948 642 1992; x_wconf 90' lang='lat' dir='ltr'><strong>cum</strong></span> <span class='ocrx_word' id='word_1_149' title='bbox 665 1943 749 1987; x_wconf 91' lang='lat' dir='ltr'><strong>anno</strong></span> <span class='ocrx_word' id='word_1_150' title='bbox 771 1921 816 1999; x_wconf 80' lang='grc' dir='ltr'><strong>“Δ,</strong></span> <span class='ocrx_word' id='word_1_151' title='bbox 844 1921 1083 2018; x_wconf 29' lang='grc' dir='ltr'><strong>ουῇυεὶεοὶίἂοι</strong></span> <span class='ocrx_word' id='word_1_152' title='bbox 1106 1920 1188 1986; x_wconf 84' lang='lat' dir='ltr'><strong>duos</strong></span> <span class='ocrx_word' id='word_1_153' title='bbox 1245 1946 1263 1988; x_wconf 90' lang='lat' dir='ltr'><strong>a</strong></span> <span class='ocrx_word' id='word_1_154' title='bbox 1283 1913 1474 2002; x_wconf 67' lang='lat' dir='ltr'><strong>Trebellio,</strong></span> <span class='ocrx_word' id='word_1_155' title='bbox 1497 1937 1530 1988; x_wconf 88' lang='lat' dir='ltr'><strong>et</strong></span> <span class='ocrx_word' id='word_1_156' title='bbox 1546 1923 1621 1986; x_wconf 84' lang='lat' dir='ltr'><strong>solo</strong></span> <span class='ocrx_word' id='word_1_157' title='bbox 1637 1921 1682 2006; x_wconf 55' lang='grc' dir='ltr'><strong>ἱ).</strong></span> <span class='ocrx_word' id='word_1_158' title='bbox 1704 1925 1747 1985; x_wconf 90' lang='lat' dir='ltr'><strong>Et</strong></span> <span class='ocrx_word' id='word_1_159' title='bbox 1760 1939 1875 2000; x_wconf 84' lang='lat' dir='ltr'><strong>constat,</strong></span> <span class='ocrx_word' id='word_1_160' title='bbox 1889 1927 1927 1994; x_wconf 77' lang='lat' dir='ltr'><strong>lu</strong></span> 
     </span>
     <span class='ocr_line' id='line_1_16' title="bbox 435 2023 1928 2112; baseline -0.005 -16"><span class='ocrx_word' id='word_1_161' title='bbox 435 2048 592 2106; x_wconf 80' lang='lat' dir='ltr'><strong>menaea,</strong></span> <span class='ocrx_word' id='word_1_162' title='bbox 622 2045 742 2110; x_wconf 86' lang='lat' dir='ltr'><strong>nempe</strong></span> <span class='ocrx_word' id='word_1_163' title='bbox 773 2049 792 2088; x_wconf 89' lang='lat' dir='ltr'><strong>a</strong></span> <span class='ocrx_word' id='word_1_164' title='bbox 821 2023 886 2088; x_wconf 89' lang='lat' dir='ltr'><strong>line</strong></span> <span class='ocrx_word' id='word_1_165' title='bbox 916 2023 1056 2109; x_wconf 78' lang='lat' dir='ltr'><strong>Augusti</strong></span> <span class='ocrx_word' id='word_1_166' title='bbox 1084 2043 1187 2107; x_wconf 85' lang='lat' dir='ltr'><strong>usque</strong></span> <span class='ocrx_word' id='word_1_167' title='bbox 1244 2028 1319 2090; x_wconf 87' lang='lat' dir='ltr'><strong>lerii</strong></span> <span class='ocrx_word' id='word_1_168' title='bbox 1350 2048 1481 2112; x_wconf 88' lang='lat' dir='ltr'><strong>quoque</strong></span> <span class='ocrx_word' id='word_1_169' title='bbox 1508 2047 1632 2090; x_wconf 92' lang='lat' dir='ltr'><strong>nomen</strong></span> <span class='ocrx_word' id='word_1_170' title='bbox 1654 2025 1754 2089; x_wconf 78' lang='lat' dir='ltr'><strong>fuisse</strong></span> <span class='ocrx_word' id='word_1_171' title='bbox 1773 2026 1928 2090; x_wconf 74' lang='lat' dir='ltr'><strong>eidcndoa-</strong></span> 
     </span>
     <span class='ocr_line' id='line_1_17' title="bbox 412 2125 1927 2214; baseline -0.003 -18"><span class='ocrx_word' id='word_1_172' title='bbox 412 2131 414 2139; x_wconf 54' lang='lat'><strong>⁴</strong></span> <span class='ocrx_word' id='word_1_173' title='bbox 441 2131 483 2196; x_wconf 85' lang='lat' dir='ltr'><strong>ad</strong></span> <span class='ocrx_word' id='word_1_174' title='bbox 513 2129 612 2196; x_wconf 86' lang='lat' dir='ltr'><strong>finem</strong></span> <span class='ocrx_word' id='word_1_175' title='bbox 642 2127 800 2192; x_wconf 88' lang='lat' dir='ltr'><strong>Octobris</strong></span> <span class='ocrx_word' id='word_1_176' title='bbox 835 2125 976 2190; x_wconf 74' lang='lat' dir='ltr'><strong>vivendo</strong></span> <span class='ocrx_word' id='word_1_177' title='bbox 1011 2125 1186 2208; x_wconf 83' lang='lat' dir='ltr'><strong>exegisset.</strong></span> <span class='ocrx_word' id='word_1_178' title='bbox 1218 2126 1381 2205; x_wconf 79' lang='lat' dir='ltr'><strong>&#39;rrunri0‚</strong></span> <span class='ocrx_word' id='word_1_179' title='bbox 1406 2129 1446 2190; x_wconf 90' lang='lat' dir='ltr'><strong>de</strong></span> <span class='ocrx_word' id='word_1_180' title='bbox 1464 2139 1529 2214; x_wconf 82' lang='lat' dir='ltr'><strong>quo</strong></span> <span class='ocrx_word' id='word_1_181' title='bbox 1546 2127 1624 2194; x_wconf 85' lang='lat' dir='ltr'><strong>vide</strong></span> <span class='ocrx_word' id='word_1_182' title='bbox 1638 2129 1734 2213; x_wconf 86' lang='lat' dir='ltr'><strong>plura</strong></span> <span class='ocrx_word' id='word_1_183' title='bbox 1747 2127 1927 2212; x_wconf 85' lang='lat' dir='ltr'><strong>apudeundtu</strong></span> 
     </span>
     <span class='ocr_line' id='line_1_18' title="bbox 440 2227 1999 2318; baseline -0.003 -24"><span class='ocrx_word' id='word_1_184' title='bbox 440 2233 559 2296; x_wconf 82' lang='lat' dir='ltr'><strong>Refert</strong></span> <span class='ocrx_word' id='word_1_185' title='bbox 589 2229 721 2318; x_wconf 89' lang='lat' dir='ltr'><strong>quidem</strong></span> <span class='ocrx_word' id='word_1_186' title='bbox 749 2249 884 2290; x_wconf 89' lang='lat' dir='ltr'><strong>numum</strong></span> <span class='ocrx_word' id='word_1_187' title='bbox 913 2227 1079 2290; x_wconf 68' lang='lat' dir='ltr'><strong>cuar&#39;hoc</strong></span> <span class='ocrx_word' id='word_1_188' title='bbox 1102 2247 1186 2290; x_wconf 86' lang='lat' dir='ltr'><strong>anno</strong></span> <span class='ocrx_word' id='word_1_189' title='bbox 1244 2230 1439 2294; x_wconf 76' lang='lat' dir='ltr'><strong>salmasium</strong></span> <span class='ocrx_word' id='word_1_190' title='bbox 1460 2227 1495 2312; x_wconf 84' lang='lat'><strong>¹).</strong></span> <span class='ocrx_word' id='word_1_191' title='bbox 1998 2259 1999 2314; x_wconf 75' lang='lat' dir='ltr'><strong>q</strong></span> 
     </span>
     <span class='ocr_line' id='line_1_19' title="bbox 442 2315 1999 2426; baseline -0.011 -19"><span class='ocrx_word' id='word_1_192' title='bbox 442 2333 628 2398; x_wconf 63' lang='lat' dir='ltr'><strong>Banduritw</strong></span> <span class='ocrx_word' id='word_1_193' title='bbox 644 2329 694 2414; x_wconf 65' lang='grc' dir='ltr'><strong>ι’),</strong></span> <span class='ocrx_word' id='word_1_194' title='bbox 725 2345 792 2394; x_wconf 72' lang='lat' dir='ltr'><strong>lum</strong></span> <span class='ocrx_word' id='word_1_195' title='bbox 825 2343 859 2396; x_wconf 84' lang='lat' dir='ltr'><strong>et</strong></span> <span class='ocrx_word' id='word_1_196' title='bbox 885 2327 1062 2426; x_wconf 66' lang='lat' dir='ltr'><strong>Arigouius&#39;</strong></span> <span class='ocrx_word' id='word_1_197' title='bbox 1079 2329 1124 2408; x_wconf 73' lang='grc' dir='ltr'><strong>ο),</strong></span> <span class='ocrx_word' id='word_1_198' title='bbox 1155 2341 1188 2392; x_wconf 91' lang='lat' dir='ltr'><strong>at</strong></span> <span class='ocrx_word' id='word_1_199' title='bbox 1310 2335 1530 2396; x_wconf 58' lang='lat' dir='ltr'><strong>Gemonias.</strong></span> <span class='ocrx_word' id='word_1_200' title='bbox 1551 2329 1926 2396; x_wconf 76' lang='lat' dir='ltr'><strong>AClaudiuuiotosGerns</strong></span> <span class='ocrx_word' id='word_1_201' title='bbox 1998 2315 1999 2376; x_wconf 66' lang='lat' dir='ltr'><strong>l</strong></span> 
     </span>
    </p>

    <p class='ocr_par' dir='ltr' id='par_1_3' title="bbox 369 2427 1926 2518">
     <span class='ocr_line' id='line_1_20' title="bbox 369 2427 1926 2518; baseline -0.008 -19"><span class='ocrx_word' id='word_1_202' title='bbox 369 2463 373 2470; x_wconf 90' lang='lat'>·</span> <span class='ocrx_word' id='word_1_203' title='bbox 442 2449 588 2512; x_wconf 88' lang='lat' dir='ltr'><strong>constat,</strong></span> <span class='ocrx_word' id='word_1_204' title='bbox 623 2455 720 2518; x_wconf 84' lang='lat' dir='ltr'><strong>saepo</strong></span> <span class='ocrx_word' id='word_1_205' title='bbox 753 2430 826 2494; x_wconf 78' lang='lat' dir='ltr'><strong>lulli</strong></span> <span class='ocrx_word' id='word_1_206' title='bbox 856 2427 971 2492; x_wconf 83' lang='lat' dir='ltr'><strong>oculos</strong></span> <span class='ocrx_word' id='word_1_207' title='bbox 1000 2429 1035 2492; x_wconf 89' lang='lat' dir='ltr'><strong>in</strong></span> <span class='ocrx_word' id='word_1_208' title='bbox 1062 2429 1186 2514; x_wconf 87' lang='lat' dir='ltr'><strong>judicio</strong></span> <span class='ocrx_word' id='word_1_209' title='bbox 1245 2455 1305 2497; x_wconf 88' lang='lat' dir='ltr'><strong>nos</strong></span> <span class='ocrx_word' id='word_1_210' title='bbox 1335 2454 1433 2518; x_wconf 88' lang='lat' dir='ltr'><strong>supra</strong></span> <span class='ocrx_word' id='word_1_211' title='bbox 1467 2453 1509 2496; x_wconf 83' lang='lat' dir='ltr'><strong>ex</strong></span> <span class='ocrx_word' id='word_1_212' title='bbox 1538 2434 1649 2496; x_wconf 86' lang='lat' dir='ltr'><strong>nuruis</strong></span> <span class='ocrx_word' id='word_1_213' title='bbox 1681 2433 1838 2500; x_wconf 76' lang='lat' dir='ltr'><strong>utetur,</strong></span> <span class='ocrx_word' id='word_1_214' title='bbox 1860 2429 1926 2492; x_wconf 81' lang='lat' dir='ltr'><strong>Gllll·</strong></span> 
     </span>
    </p>

    <p class='ocr_par' dir='ltr' id='par_1_4' title="bbox 356 2529 1999 3323">
     <span class='ocr_line' id='line_1_21' title="bbox 356 2529 1999 2620; baseline -0.005 -20"><span class='ocrx_word' id='word_1_215' title='bbox 356 2559 367 2576; x_wconf 81' lang='lat'><strong>.</strong></span> <span class='ocrx_word' id='word_1_216' title='bbox 441 2539 683 2603; x_wconf 88' lang='lat' dir='ltr'><strong>elementorum</strong></span> <span class='ocrx_word' id='word_1_217' title='bbox 712 2535 796 2596; x_wconf 78' lang='lat' dir='ltr'><strong>Aet</strong></span> <span class='ocrx_word' id='word_1_218' title='bbox 818 2529 856 2595; x_wconf 92' lang='grc' dir='ltr'><strong>Δ.</strong></span> <span class='ocrx_word' id='word_1_219' title='bbox 902 2529 993 2620; x_wconf 70' lang='lat' dir='ltr'><strong>laqud</strong></span> <span class='ocrx_word' id='word_1_220' title='bbox 1023 2531 1114 2596; x_wconf 87' lang='lat' dir='ltr'><strong>cer‘te</strong></span> <span class='ocrx_word' id='word_1_221' title='bbox 1146 2533 1186 2596; x_wconf 92' lang='lat' dir='ltr'><strong>dc</strong></span> <span class='ocrx_word' id='word_1_222' title='bbox 1245 2537 1369 2609; x_wconf 57' lang='lat' dir='ltr'><strong>MAN„</strong></span> <span class='ocrx_word' id='word_1_223' title='bbox 1394 2550 1427 2596; x_wconf 87' lang='lat' dir='ltr'><strong>et</strong></span> <span class='ocrx_word' id='word_1_224' title='bbox 1445 2533 1575 2598; x_wconf 83' lang='lat' dir='ltr'><strong>laudato</strong></span> <span class='ocrx_word' id='word_1_225' title='bbox 1595 2533 1670 2616; x_wconf 81' lang='lat' dir='ltr'><strong>ejas</strong></span> <span class='ocrx_word' id='word_1_226' title='bbox 1692 2535 1842 2598; x_wconf 85' lang='lat' dir='ltr'><strong>occasione</strong></span> <span class='ocrx_word' id='word_1_227' title='bbox 1854 2532 1926 2594; x_wconf 80' lang='lat' dir='ltr'><strong>litto</strong></span> <span class='ocrx_word' id='word_1_228' title='bbox 1998 2547 1999 2586; x_wconf 76' lang='lat' dir='ltr'><strong>l</strong></span> 
     </span>
     <span class='ocr_line' id='line_1_22' title="bbox 440 2629 1999 2720; baseline -0.005 -18"><span class='ocrx_word' id='word_1_229' title='bbox 440 2657 541 2702; x_wconf 88' lang='lat' dir='ltr'><strong>numo</strong></span> <span class='ocrx_word' id='word_1_230' title='bbox 573 2657 632 2700; x_wconf 88' lang='lat' dir='ltr'><strong>suo</strong></span> <span class='ocrx_word' id='word_1_231' title='bbox 662 2656 728 2699; x_wconf 86' lang='lat' dir='ltr'><strong>non</strong></span> <span class='ocrx_word' id='word_1_232' title='bbox 761 2631 920 2696; x_wconf 85' lang='lat' dir='ltr'><strong>diffitetur</strong></span> <span class='ocrx_word' id='word_1_233' title='bbox 941 2629 1186 2714; x_wconf 74' lang='lat' dir='ltr'><strong>nantariusd).</strong></span> <span class='ocrx_word' id='word_1_234' title='bbox 1244 2655 1282 2698; x_wconf 91' lang='lat' dir='ltr'><strong>re</strong></span> <span class='ocrx_word' id='word_1_235' title='bbox 1318 2635 1469 2701; x_wconf 81' lang='lat' dir='ltr'><strong>uidimus.</strong></span> <span class='ocrx_word' id='word_1_236' title='bbox 1514 2641 1644 2698; x_wconf 81' lang='lat' dir='ltr'><strong>Tamen</strong></span> <span class='ocrx_word' id='word_1_237' title='bbox 1683 2633 1806 2696; x_wconf 87' lang='lat' dir='ltr'><strong>dubium</strong></span> <span class='ocrx_word' id='word_1_238' title='bbox 1832 2631 1923 2708; x_wconf 82' lang='lat' dir='ltr'><strong>ridetur,</strong></span> <span class='ocrx_word' id='word_1_239' title='bbox 1998 2639 1999 2720; x_wconf 64' lang='lat' dir='ltr'><strong>l</strong></span> 
     </span>
     <span class='ocr_line' id='line_1_23' title="bbox 443 2733 1999 2836; baseline -0.006 -34"><span class='ocrx_word' id='word_1_240' title='bbox 443 2741 548 2836; x_wconf 80' lang='lat' dir='ltr'><strong>Quam</strong></span> <span class='ocrx_word' id='word_1_241' title='bbox 571 2759 652 2804; x_wconf 82' lang='lat' dir='ltr'><strong>vero</strong></span> <span class='ocrx_word' id='word_1_242' title='bbox 674 2737 798 2800; x_wconf 84' lang='lat' dir='ltr'><strong>incerta</strong></span> <span class='ocrx_word' id='word_1_243' title='bbox 830 2735 871 2796; x_wconf 86' lang='lat' dir='ltr'><strong>sit</strong></span> <span class='ocrx_word' id='word_1_244' title='bbox 892 2733 974 2800; x_wconf 87' lang='lat' dir='ltr'><strong>fides</strong></span> <span class='ocrx_word' id='word_1_245' title='bbox 995 2749 1187 2820; x_wconf 88' lang='lat' dir='ltr'><strong>ectypcrum</strong></span> <span class='ocrx_word' id='word_1_246' title='bbox 1244 2753 1353 2800; x_wconf 86' lang='lat' dir='ltr'><strong>utrum</strong></span> <span class='ocrx_word' id='word_1_247' title='bbox 1377 2737 1565 2820; x_wconf 77' lang='lat' dir='ltr'><strong>Germanici</strong></span> <span class='ocrx_word' id='word_1_248' title='bbox 1587 2737 1717 2800; x_wconf 87' lang='lat' dir='ltr'><strong>titulum</strong></span> <span class='ocrx_word' id='word_1_249' title='bbox 1743 2757 1781 2798; x_wconf 87' lang='lat' dir='ltr'><strong>ex</strong></span> <span class='ocrx_word' id='word_1_250' title='bbox 1797 2735 1846 2796; x_wconf 84' lang='lat' dir='ltr'><strong>bac</strong></span> <span class='ocrx_word' id='word_1_251' title='bbox 1861 2733 1926 2796; x_wconf 78' lang='lat' dir='ltr'><strong>tiolo</strong></span> <span class='ocrx_word' id='word_1_252' title='bbox 1998 2739 1999 2784; x_wconf 81' lang='lat' dir='ltr'><strong>l</strong></span> 
     </span>
     <span class='ocr_line' id='line_1_24' title="bbox 439 2837 1999 2933; baseline -0.006 -31"><span class='ocrx_word' id='word_1_253' title='bbox 439 2841 607 2925; x_wconf 79' lang='lat' dir='ltr'><strong>Arigonii,</strong></span> <span class='ocrx_word' id='word_1_254' title='bbox 628 2859 741 2902; x_wconf 89' lang='lat' dir='ltr'><strong>omnes</strong></span> <span class='ocrx_word' id='word_1_255' title='bbox 763 2837 923 2916; x_wconf 71' lang='lat' dir='ltr'><strong>norimus.</strong></span> <span class='ocrx_word' id='word_1_256' title='bbox 949 2837 1053 2932; x_wconf 84' lang='lat' dir='ltr'><strong>Quam</strong></span> <span class='ocrx_word' id='word_1_257' title='bbox 1076 2837 1188 2900; x_wconf 85' lang='lat' dir='ltr'><strong>absur-</strong></span> <span class='ocrx_word' id='word_1_258' title='bbox 1244 2839 1292 2900; x_wconf 84' lang='lat' dir='ltr'><strong>ria</strong></span> <span class='ocrx_word' id='word_1_259' title='bbox 1313 2838 1495 2902; x_wconf 88' lang='lat' dir='ltr'><strong>abstulerit.</strong></span> <span class='ocrx_word' id='word_1_260' title='bbox 1517 2841 1602 2902; x_wconf 91' lang='lat' dir='ltr'><strong>Eum</strong></span> <span class='ocrx_word' id='word_1_261' title='bbox 1629 2837 1817 2933; x_wconf 81' lang='lat' dir='ltr'><strong>dissimulant</strong></span> <span class='ocrx_word' id='word_1_262' title='bbox 1834 2853 1925 2897; x_wconf 82' lang='lat' dir='ltr'><strong>murno</strong></span> <span class='ocrx_word' id='word_1_263' title='bbox 1998 2879 1999 2886; x_wconf 56' lang='lat'><strong>.</strong></span> 
     </span>
     <span class='ocr_line' id='line_1_25' title="bbox 442 2934 1924 3026; baseline -0.004 -24"><span class='ocrx_word' id='word_1_264' title='bbox 442 2941 482 3004; x_wconf 91' lang='lat' dir='ltr'><strong>da</strong></span> <span class='ocrx_word' id='word_1_265' title='bbox 505 2941 678 3004; x_wconf 82' lang='lat' dir='ltr'><strong>dictaverit</strong></span> <span class='ocrx_word' id='word_1_266' title='bbox 693 2939 925 3016; x_wconf 78' lang='lat' dir='ltr'><strong>Muzzolenus,</strong></span> <span class='ocrx_word' id='word_1_267' title='bbox 948 2939 1037 3024; x_wconf 87' lang='lat' dir='ltr'><strong>quod</strong></span> <span class='ocrx_word' id='word_1_268' title='bbox 1056 2940 1186 3026; x_wconf 84' lang='lat' dir='ltr'><strong>utrique</strong></span> <span class='ocrx_word' id='word_1_269' title='bbox 1243 2958 1279 3002; x_wconf 83' lang='lat' dir='ltr'><strong>ra</strong></span> <span class='ocrx_word' id='word_1_270' title='bbox 1311 2941 1439 3002; x_wconf 87' lang='lat' dir='ltr'><strong>Claudii</strong></span> <span class='ocrx_word' id='word_1_271' title='bbox 1476 2940 1594 3002; x_wconf 81' lang='lat' dir='ltr'><strong>omnia·</strong></span> <span class='ocrx_word' id='word_1_272' title='bbox 1638 2945 1773 3006; x_wconf 82' lang='lat' dir='ltr'><strong>Numam</strong></span> <span class='ocrx_word' id='word_1_273' title='bbox 1805 2934 1924 3000; x_wconf 80' lang='lat' dir='ltr'><strong>cumbet</strong></span> 
     </span>
     <span class='ocr_line' id='line_1_26' title="bbox 441 3035 1923 3136; baseline -0.006 -33"><span class='ocrx_word' id='word_1_274' title='bbox 441 3059 542 3136; x_wconf 78' lang='lat' dir='ltr'><strong>numo</strong></span> <span class='ocrx_word' id='word_1_275' title='bbox 564 3037 662 3102; x_wconf 84' lang='lat' dir='ltr'><strong>fidem</strong></span> <span class='ocrx_word' id='word_1_276' title='bbox 685 3039 817 3111; x_wconf 87' lang='lat' dir='ltr'><strong>habuit,</strong></span> <span class='ocrx_word' id='word_1_277' title='bbox 848 3040 882 3100; x_wconf 93' lang='lat' dir='ltr'><strong>in</strong></span> <span class='ocrx_word' id='word_1_278' title='bbox 904 3039 1082 3102; x_wconf 75' lang='lat' dir='ltr'><strong>Aureliano</strong></span> <span class='ocrx_word' id='word_1_279' title='bbox 1113 3061 1188 3124; x_wconf 88' lang='lat' dir='ltr'><strong>per·</strong></span> <span class='ocrx_word' id='word_1_280' title='bbox 1244 3041 1355 3128; x_wconf 87' lang='lat' dir='ltr'><strong>elogio</strong></span> <span class='ocrx_word' id='word_1_281' title='bbox 1377 3041 1497 3104; x_wconf 86' lang='lat' dir='ltr'><strong>obtulit</strong></span> <span class='ocrx_word' id='word_1_282' title='bbox 1516 3041 1689 3103; x_wconf 81' lang='lat' dir='ltr'><strong>Tristanus</strong></span> <span class='ocrx_word' id='word_1_283' title='bbox 1707 3035 1923 3101; x_wconf 87' lang='lat' dir='ltr'><strong>additonimirun</strong></span> 
     </span>
     <span class='ocr_line' id='line_1_27' title="bbox 441 3133 1924 3224; baseline 0.003 -20"><span class='ocrx_word' id='word_1_284' title='bbox 441 3159 628 3224; x_wconf 86' lang='lat' dir='ltr'><strong>sequemur.</strong></span> <span class='ocrx_word' id='word_1_285' title='bbox 646 3139 779 3200; x_wconf 88' lang='lat' dir='ltr'><strong>Pridcm</strong></span> <span class='ocrx_word' id='word_1_286' title='bbox 796 3138 876 3201; x_wconf 86' lang='lat' dir='ltr'><strong>hacc</strong></span> <span class='ocrx_word' id='word_1_287' title='bbox 890 3139 1096 3222; x_wconf 84' lang='lat' dir='ltr'><strong>scripseram,</strong></span> <span class='ocrx_word' id='word_1_288' title='bbox 1110 3161 1184 3202; x_wconf 86' lang='lat' dir='ltr'><strong>cunr</strong></span> <span class='ocrx_word' id='word_1_289' title='bbox 1242 3141 1277 3204; x_wconf 90' lang='lat' dir='ltr'><strong>in</strong></span> <span class='ocrx_word' id='word_1_290' title='bbox 1308 3133 1412 3206; x_wconf 85' lang='lat' dir='ltr'><strong>antica</strong></span> <span class='ocrx_word' id='word_1_291' title='bbox 1444 3143 1544 3206; x_wconf 82' lang='lat' dir='ltr'><strong>GER.</strong></span> <span class='ocrx_word' id='word_1_292' title='bbox 1577 3135 1924 3216; x_wconf 75' lang='lat' dir='ltr'><strong>G01·fflcvsm);istuul</strong></span> 
     </span>
     <span class='ocr_line' id='line_1_28' title="bbox 440 3235 1999 3323; baseline -0.005 -20"><span class='ocrx_word' id='word_1_293' title='bbox 440 3240 546 3303; x_wconf 82' lang='lat' dir='ltr'><strong>aerius</strong></span> <span class='ocrx_word' id='word_1_294' title='bbox 577 3237 642 3303; x_wconf 84' lang='lat' dir='ltr'><strong>tidi</strong></span> <span class='ocrx_word' id='word_1_295' title='bbox 663 3259 682 3300; x_wconf 94' lang='lat' dir='ltr'><strong>a</strong></span> <span class='ocrx_word' id='word_1_296' title='bbox 703 3239 747 3302; x_wconf 90' lang='lat' dir='ltr'><strong>ol.</strong></span> <span class='ocrx_word' id='word_1_297' title='bbox 790 3241 902 3323; x_wconf 88' lang='lat' dir='ltr'><strong>Zoega</strong></span> <span class='ocrx_word' id='word_1_298' title='bbox 923 3239 1066 3323; x_wconf 84' lang='lat' dir='ltr'><strong>produci</strong></span> <span class='ocrx_word' id='word_1_299' title='bbox 1085 3263 1184 3304; x_wconf 87' lang='lat' dir='ltr'><strong>unum</strong></span> <span class='ocrx_word' id='word_1_300' title='bbox 1242 3257 1351 3308; x_wconf 90' lang='lat' dir='ltr'><strong>tamen</strong></span> <span class='ocrx_word' id='word_1_301' title='bbox 1380 3243 1516 3320; x_wconf 86' lang='lat' dir='ltr'><strong>mirum,</strong></span> <span class='ocrx_word' id='word_1_302' title='bbox 1545 3265 1668 3322; x_wconf 84' lang='lat' dir='ltr'><strong>nomen</strong></span> <span class='ocrx_word' id='word_1_303' title='bbox 1691 3245 1781 3308; x_wconf 86' lang='lat' dir='ltr'><strong>GER.</strong></span> <span class='ocrx_word' id='word_1_304' title='bbox 1805 3235 1924 3304; x_wconf 84' lang='lat' dir='ltr'><strong>omittiia</strong></span> <span class='ocrx_word' id='word_1_305' title='bbox 1998 3263 1999 3266; x_wconf 38' lang='lat'>¹</span> 
     </span>
    </p>

    <p class='ocr_par' dir='ltr' id='par_1_5' title="bbox 297 3335 1924 3831">
     <span class='ocr_line' id='line_1_29' title="bbox 297 3335 1924 3422; baseline -0.001 -15"><span class='ocrx_word' id='word_1_306' title='bbox 297 3335 304 3349; x_wconf 61' lang='lat'>⁸</span> <span class='ocrx_word' id='word_1_307' title='bbox 439 3362 514 3407; x_wconf 89' lang='lat' dir='ltr'><strong>cura</strong></span> <span class='ocrx_word' id='word_1_308' title='bbox 535 3339 576 3405; x_wconf 75' lang='lat' dir='ltr'><strong>t..</strong></span> <span class='ocrx_word' id='word_1_309' title='bbox 595 3335 651 3418; x_wconf 73' lang='lat' dir='ltr'><strong>lb,</strong></span> <span class='ocrx_word' id='word_1_310' title='bbox 675 3337 814 3404; x_wconf 83' lang='lat' dir='ltr'><strong>alterum</strong></span> <span class='ocrx_word' id='word_1_311' title='bbox 836 3361 911 3404; x_wconf 85' lang='lat' dir='ltr'><strong>cum</strong></span> <span class='ocrx_word' id='word_1_312' title='bbox 933 3341 971 3401; x_wconf 84' lang='lat' dir='ltr'><strong>L.</strong></span> <span class='ocrx_word' id='word_1_313' title='bbox 991 3336 1046 3418; x_wconf 74' lang='grc'><strong>6.,</strong></span> <span class='ocrx_word' id='word_1_314' title='bbox 1069 3363 1184 3405; x_wconf 88' lang='lat' dir='ltr'><strong>verum</strong></span> <span class='ocrx_word' id='word_1_315' title='bbox 1242 3344 1353 3410; x_wconf 90' lang='lat' dir='ltr'><strong>addito</strong></span> <span class='ocrx_word' id='word_1_316' title='bbox 1382 3346 1560 3420; x_wconf 86' lang='lat' dir='ltr'><strong>iconismo,</strong></span> <span class='ocrx_word' id='word_1_317' title='bbox 1584 3361 1618 3409; x_wconf 90' lang='lat' dir='ltr'><strong>et</strong></span> <span class='ocrx_word' id='word_1_318' title='bbox 1647 3360 1762 3408; x_wconf 85' lang='lat' dir='ltr'><strong>tanturn</strong></span> <span class='ocrx_word' id='word_1_319' title='bbox 1785 3355 1924 3422; x_wconf 68' lang='lat' dir='ltr'><strong>comparere</strong></span> 
     </span>
     <span class='ocr_line' id='line_1_30' title="bbox 440 3437 1923 3532; baseline -0.004 -28"><span class='ocrx_word' id='word_1_320' title='bbox 440 3461 514 3508; x_wconf 88' lang='lat' dir='ltr'><strong>cunr</strong></span> <span class='ocrx_word' id='word_1_321' title='bbox 543 3455 696 3504; x_wconf 82' lang='lat' dir='ltr'><strong>neutrum</strong></span> <span class='ocrx_word' id='word_1_322' title='bbox 726 3441 755 3504; x_wconf 83' lang='lat' dir='ltr'><strong>ia</strong></span> <span class='ocrx_word' id='word_1_323' title='bbox 785 3443 856 3528; x_wconf 88' lang='lat' dir='ltr'><strong>ipse</strong></span> <span class='ocrx_word' id='word_1_324' title='bbox 886 3441 1023 3519; x_wconf 81' lang='lat' dir='ltr'><strong>viderit,</strong></span> <span class='ocrx_word' id='word_1_325' title='bbox 1055 3443 1114 3505; x_wconf 85' lang='lat' dir='ltr'><strong>sed</strong></span> <span class='ocrx_word' id='word_1_326' title='bbox 1143 3464 1184 3506; x_wconf 86' lang='lat' dir='ltr'><strong>ex</strong></span> <span class='ocrx_word' id='word_1_327' title='bbox 1241 3449 1274 3510; x_wconf 91' lang='lat' dir='ltr'><strong>in</strong></span> <span class='ocrx_word' id='word_1_328' title='bbox 1294 3449 1385 3510; x_wconf 89' lang='lat' dir='ltr'><strong>numi</strong></span> <span class='ocrx_word' id='word_1_329' title='bbox 1408 3449 1643 3532; x_wconf 85' lang='lat' dir='ltr'><strong>descriptione.</strong></span> <span class='ocrx_word' id='word_1_330' title='bbox 1675 3451 1760 3532; x_wconf 84' lang='lat' dir='ltr'><strong>Ergo</strong></span> <span class='ocrx_word' id='word_1_331' title='bbox 1780 3457 1825 3508; x_wconf 87' lang='lat' dir='ltr'><strong>sut</strong></span> <span class='ocrx_word' id='word_1_332' title='bbox 1842 3437 1923 3502; x_wconf 86' lang='lat' dir='ltr'><strong>errarit</strong></span> 
     </span>
     <span class='ocr_line' id='line_1_31' title="bbox 441 3531 1924 3634; baseline -0.002 -27"><span class='ocrx_word' id='word_1_333' title='bbox 441 3543 579 3608; x_wconf 86' lang='lat' dir='ltr'><strong>aliorum</strong></span> <span class='ocrx_word' id='word_1_334' title='bbox 610 3539 675 3605; x_wconf 88' lang='lat' dir='ltr'><strong>lida</strong></span> <span class='ocrx_word' id='word_1_335' title='bbox 704 3543 839 3622; x_wconf 87' lang='lat' dir='ltr'><strong>recitet,</strong></span> <span class='ocrx_word' id='word_1_336' title='bbox 874 3565 1047 3628; x_wconf 82' lang='lat' dir='ltr'><strong>possamus</strong></span> <span class='ocrx_word' id='word_1_337' title='bbox 1079 3566 1183 3631; x_wconf 82' lang='lat' dir='ltr'><strong>acque</strong></span> <span class='ocrx_word' id='word_1_338' title='bbox 1241 3550 1520 3634; x_wconf 82' lang='lat' dir='ltr'><strong>chalcographus,</strong></span> <span class='ocrx_word' id='word_1_339' title='bbox 1548 3564 1605 3616; x_wconf 89' lang='lat' dir='ltr'><strong>aut</strong></span> <span class='ocrx_word' id='word_1_340' title='bbox 1625 3564 1746 3613; x_wconf 87' lang='lat' dir='ltr'><strong>auctor.</strong></span> <span class='ocrx_word' id='word_1_341' title='bbox 1778 3531 1924 3608; x_wconf 75' lang='lat' dir='ltr'><strong>Eri&#39;snttu</strong></span> 
     </span>
     <span class='ocr_line' id='line_1_32' title="bbox 438 3643 1923 3736; baseline -0.003 -28"><span class='ocrx_word' id='word_1_342' title='bbox 438 3645 587 3726; x_wconf 83' lang='lat' dir='ltr'><strong>jactatam</strong></span> <span class='ocrx_word' id='word_1_343' title='bbox 616 3644 793 3708; x_wconf 87' lang='lat' dir='ltr'><strong>lectionem</strong></span> <span class='ocrx_word' id='word_1_344' title='bbox 822 3645 856 3705; x_wconf 88' lang='lat' dir='ltr'><strong>in</strong></span> <span class='ocrx_word' id='word_1_345' title='bbox 885 3643 1021 3710; x_wconf 89' lang='lat' dir='ltr'><strong>dubium</strong></span> <span class='ocrx_word' id='word_1_346' title='bbox 1051 3667 1183 3714; x_wconf 79' lang='lat' dir='ltr'><strong>vocare.</strong></span> <span class='ocrx_word' id='word_1_347' title='bbox 1240 3651 1417 3733; x_wconf 84' lang='lat' dir='ltr'><strong>diobarbur</strong></span> <span class='ocrx_word' id='word_1_348' title='bbox 1448 3652 1575 3736; x_wconf 86' lang='lat' dir='ltr'><strong>aliquos</strong></span> <span class='ocrx_word' id='word_1_349' title='bbox 1606 3671 1679 3714; x_wconf 86' lang='lat' dir='ltr'><strong>cunr</strong></span> <span class='ocrx_word' id='word_1_350' title='bbox 1712 3643 1923 3710; x_wconf 65' lang='lat' dir='ltr'><strong>roccamaura</strong></span> 
     </span>
     <span class='ocr_line' id='line_1_33' title="bbox 1238 3741 1924 3831; baseline -0.022 -16"><span class='ocrx_word' id='word_1_351' title='bbox 1238 3754 1366 3817; x_wconf 87' lang='lat' dir='ltr'><strong>honore</strong></span> <span class='ocrx_word' id='word_1_352' title='bbox 1398 3767 1653 3831; x_wconf 87' lang='lat' dir='ltr'><strong>commemorat,</strong></span> <span class='ocrx_word' id='word_1_353' title='bbox 1684 3749 1740 3814; x_wconf 83' lang='lat' dir='ltr'><strong>sed</strong></span> <span class='ocrx_word' id='word_1_354' title='bbox 1760 3746 1836 3829; x_wconf 85' lang='lat' dir='ltr'><strong>cujus</strong></span> <span class='ocrx_word' id='word_1_355' title='bbox 1851 3741 1924 3828; x_wconf 82' lang='lat' dir='ltr'><strong>plera·</strong></span> 
     </span>
    </p>
   </div>
   <div class='ocr_carea' id='block_1_3' title="bbox 502 3853 1923 4042">
    <p class='ocr_par' dir='ltr' id='par_1_6' title="bbox 502 3853 1923 4042">
     <span class='ocr_line' id='line_1_34' title="bbox 517 3853 1651 3942; baseline -0.002 -22"><span class='ocrx_word' id='word_1_356' title='bbox 517 3915 519 3920; x_wconf 81' lang='grc'>,</span> <span class='ocrx_word' id='word_1_357' title='bbox 1237 3877 1302 3942; x_wconf 78' lang='lat' dir='ltr'><strong>que</strong></span> <span class='ocrx_word' id='word_1_358' title='bbox 1325 3870 1476 3940; x_wconf 80' lang='lat' dir='ltr'><strong>suspecta</strong></span> <span class='ocrx_word' id='word_1_359' title='bbox 1496 3853 1651 3940; x_wconf 82' lang='lat' dir='ltr'><strong>putanda.</strong></span> 
     </span>
     <span class='ocr_line' id='line_1_35' title="bbox 502 3947 1923 4042; baseline -0.001 -29"><span class='ocrx_word' id='word_1_360' title='bbox 502 3953 644 4014; x_wconf 76' lang='lat' dir='ltr'><strong>Flauius.</strong></span> <span class='ocrx_word' id='word_1_361' title='bbox 666 3947 757 4012; x_wconf 83' lang='lat' dir='ltr'><strong>lstud</strong></span> <span class='ocrx_word' id='word_1_362' title='bbox 774 3949 1050 4016; x_wconf 77' lang='lat' dir='ltr'><strong>nomen.Claudio</strong></span> <span class='ocrx_word' id='word_1_363' title='bbox 1067 3952 1182 4017; x_wconf 85' lang='lat' dir='ltr'><strong>tribuit</strong></span> <span class='ocrx_word' id='word_1_364' title='bbox 1304 3963 1467 4022; x_wconf 75' lang='lat' dir='ltr'><strong>Gothicus.</strong></span> <span class='ocrx_word' id='word_1_365' title='bbox 1497 3959 1604 4034; x_wconf 83' lang='lat' dir='ltr'><strong>Hujus</strong></span> <span class='ocrx_word' id='word_1_366' title='bbox 1626 3953 1761 4018; x_wconf 85' lang='lat' dir='ltr'><strong>nominis</strong></span> <span class='ocrx_word' id='word_1_367' title='bbox 1780 3967 1856 4042; x_wconf 71' lang='lat' dir='ltr'><strong>musa</strong></span> <span class='ocrx_word' id='word_1_368' title='bbox 1872 3957 1923 4022; x_wconf 66' lang='lat' dir='ltr'><strong>cll·</strong></span> 
     </span>
    </p>
   </div>
   <div class='ocr_carea' id='block_1_4' title="bbox 436 4035 1925 4244">
    <p class='ocr_par' dir='ltr' id='par_1_7' title="bbox 436 4035 1925 4244">
     <span class='ocr_line' id='line_1_36' title="bbox 439 4035 1925 4142; baseline -0.007 -28"><span class='ocrx_word' id='word_1_369' title='bbox 439 4051 691 4130; x_wconf 71' lang='lat' dir='ltr'><strong>·t·rebelliuu&#39;0),</strong></span> <span class='ocrx_word' id='word_1_370' title='bbox 710 4067 743 4114; x_wconf 86' lang='lat' dir='ltr'><strong>et</strong></span> <span class='ocrx_word' id='word_1_371' title='bbox 751 4053 914 4136; x_wconf 80' lang='lat' dir='ltr'><strong>Vopiscus</strong></span> <span class='ocrx_word' id='word_1_372' title='bbox 934 4049 971 4133; x_wconf 59' lang='grc' dir='ltr'><strong>ί).</strong></span> <span class='ocrx_word' id='word_1_373' title='bbox 984 4035 1083 4114; x_wconf 76' lang='lat' dir='ltr'><strong>&#39;luda</strong></span> <span class='ocrx_word' id='word_1_374' title='bbox 1099 4073 1183 4124; x_wconf 86' lang='lat' dir='ltr'><strong>mar·</strong></span> <span class='ocrx_word' id='word_1_375' title='bbox 1237 4058 1323 4134; x_wconf 90' lang='lat' dir='ltr'><strong>nita,</strong></span> <span class='ocrx_word' id='word_1_376' title='bbox 1346 4058 1496 4142; x_wconf 88' lang='lat' dir='ltr'><strong>illudque</strong></span> <span class='ocrx_word' id='word_1_377' title='bbox 1518 4059 1688 4122; x_wconf 86' lang='lat' dir='ltr'><strong>adstruunt</strong></span> <span class='ocrx_word' id='word_1_378' title='bbox 1708 4053 1771 4138; x_wconf 87' lang='lat' dir='ltr'><strong>ejus</strong></span> <span class='ocrx_word' id='word_1_379' title='bbox 1789 4039 1925 4114; x_wconf 80' lang='lat' dir='ltr'><strong>consecrati</strong></span> 
     </span>
     <span class='ocr_line' id='line_1_37' title="bbox 436 4153 1925 4244; baseline -0.003 -31"><span class='ocrx_word' id='word_1_380' title='bbox 436 4172 528 4226; x_wconf 89' lang='lat' dir='ltr'><strong>mor,</strong></span> <span class='ocrx_word' id='word_1_381' title='bbox 557 4153 646 4238; x_wconf 92' lang='lat' dir='ltr'><strong>qnod</strong></span> <span class='ocrx_word' id='word_1_382' title='bbox 669 4155 830 4234; x_wconf 82' lang='lat' dir='ltr'><strong>Gruterus</strong></span> <span class='ocrx_word' id='word_1_383' title='bbox 861 4173 902 4214; x_wconf 82' lang='lat' dir='ltr'><strong>cx</strong></span> <span class='ocrx_word' id='word_1_384' title='bbox 924 4153 1084 4215; x_wconf 87' lang='lat' dir='ltr'><strong>Paurinio</strong></span> <span class='ocrx_word' id='word_1_385' title='bbox 1104 4153 1182 4216; x_wconf 89' lang='lat' dir='ltr'><strong>bau·</strong></span> <span class='ocrx_word' id='word_1_386' title='bbox 1238 4160 1340 4232; x_wconf 82' lang='lat' dir='ltr'><strong>numi.</strong></span> <span class='ocrx_word' id='word_1_387' title='bbox 1363 4159 1545 4244; x_wconf 84' lang='lat' dir='ltr'><strong>Singularis</strong></span> <span class='ocrx_word' id='word_1_388' title='bbox 1565 4173 1616 4224; x_wconf 85' lang='lat' dir='ltr'><strong>est</strong></span> <span class='ocrx_word' id='word_1_389' title='bbox 1632 4153 1790 4240; x_wconf 85' lang='lat' dir='ltr'><strong>inscriptio</strong></span> <span class='ocrx_word' id='word_1_390' title='bbox 1803 4159 1925 4230; x_wconf 77' lang='lat' dir='ltr'><strong>supertr-</strong></span> 
     </span>
    </p>
   </div>
   <div class='ocr_carea' id='block_1_5' title="bbox 438 4244 1940 4346">
    <p class='ocr_par' dir='ltr' id='par_1_8' title="bbox 438 4244 1940 4346">
     <span class='ocr_line' id='line_1_38' title="bbox 438 4244 1940 4346; baseline 0.004 -34"><span class='ocrx_word' id='word_1_391' title='bbox 438 4253 478 4312; x_wconf 84' lang='lat' dir='ltr'><strong>oit</strong></span> <span class='ocrx_word' id='word_1_392' title='bbox 494 4253 543 4334; x_wconf 83' lang='lat' dir='ltr'><strong>t),</strong></span> <span class='ocrx_word' id='word_1_393' title='bbox 567 4253 624 4316; x_wconf 87' lang='lat' dir='ltr'><strong>sed</strong></span> <span class='ocrx_word' id='word_1_394' title='bbox 646 4252 734 4338; x_wconf 90' lang='lat' dir='ltr'><strong>quod</strong></span> <span class='ocrx_word' id='word_1_395' title='bbox 756 4252 818 4336; x_wconf 86' lang='lat' dir='ltr'><strong>janu</strong></span> <span class='ocrx_word' id='word_1_396' title='bbox 843 4255 972 4338; x_wconf 85' lang='lat' dir='ltr'><strong>pridem</strong></span> <span class='ocrx_word' id='word_1_397' title='bbox 993 4275 1180 4339; x_wconf 86' lang='lat' dir='ltr'><strong>suspectum</strong></span> <span class='ocrx_word' id='word_1_398' title='bbox 1238 4281 1280 4324; x_wconf 92' lang='lat' dir='ltr'><strong>cu</strong></span> <span class='ocrx_word' id='word_1_399' title='bbox 1295 4259 1497 4344; x_wconf 86' lang='lat' dir='ltr'><strong>triumphali,</strong></span> <span class='ocrx_word' id='word_1_400' title='bbox 1515 4283 1613 4346; x_wconf 87' lang='lat' dir='ltr'><strong>quam</strong></span> <span class='ocrx_word' id='word_1_401' title='bbox 1626 4259 1728 4326; x_wconf 81' lang='lat' dir='ltr'><strong>refert</strong></span> <span class='ocrx_word' id='word_1_402' title='bbox 1740 4244 1940 4321; x_wconf 62' lang='lat' dir='ltr'><strong>lleiuesiutlii,</strong></span> 
     </span>
    </p>
   </div>
   <div class='ocr_carea' id='block_1_6' title="bbox 317 4389 1922 4759">
    <p class='ocr_par' dir='ltr' id='par_1_9' title="bbox 472 4389 1920 4500">
     <span class='ocr_line' id='line_1_39' title="bbox 472 4389 1920 4500; baseline 0.006 -41"><span class='ocrx_word' id='word_1_403' title='bbox 472 4403 505 4500; x_wconf 48' lang='grc' dir='ltr'><strong>εὶ</strong></span> <span class='ocrx_word' id='word_1_404' title='bbox 526 4402 562 4459; x_wconf 84' lang='lat' dir='ltr'><strong>de</strong></span> <span class='ocrx_word' id='word_1_405' title='bbox 579 4405 648 4466; x_wconf 78' lang='lat' dir='ltr'><strong>Vct.</strong></span> <span class='ocrx_word' id='word_1_406' title='bbox 669 4406 791 4464; x_wconf 77' lang='lat' dir='ltr'><strong>decenn:</strong></span> <span class='ocrx_word' id='word_1_407' title='bbox 812 4429 836 4466; x_wconf 95' lang='lat' dir='ltr'><strong>c.</strong></span> <span class='ocrx_word' id='word_1_408' title='bbox 856 4411 883 4474; x_wconf 87' lang='lat'><strong>6.</strong></span> <span class='ocrx_word' id='word_1_409' title='bbox 1028 4411 1062 4486; x_wconf 90' lang='lat' dir='ltr'><strong>b)</strong></span> <span class='ocrx_word' id='word_1_410' title='bbox 1078 4413 1164 4474; x_wconf 74' lang='lat' dir='ltr'><strong>Tem.</strong></span> <span class='ocrx_word' id='word_1_411' title='bbox 1181 4415 1205 4476; x_wconf 88' lang='lat' dir='ltr'><strong>I.</strong></span> <span class='ocrx_word' id='word_1_412' title='bbox 1228 4437 1257 4494; x_wconf 86' lang='lat' dir='ltr'><strong>p·</strong></span> <span class='ocrx_word' id='word_1_413' title='bbox 1276 4393 1358 4481; x_wconf 66' lang='grc' dir='ltr'><strong>553·ι</strong></span> <span class='ocrx_word' id='word_1_414' title='bbox 1482 4420 1513 4492; x_wconf 85' lang='lat' dir='ltr'><strong>c)</strong></span> <span class='ocrx_word' id='word_1_415' title='bbox 1532 4417 1564 4474; x_wconf 85' lang='lat' dir='ltr'><strong>in</strong></span> <span class='ocrx_word' id='word_1_416' title='bbox 1583 4389 1920 4474; x_wconf 65' lang='lat' dir='ltr'><strong>Alexandrianum·</strong></span> 
     </span>
    </p>

    <p class='ocr_par' dir='ltr' id='par_1_10' title="bbox 439 4485 1922 4587">
     <span class='ocr_line' id='line_1_40' title="bbox 439 4485 1922 4587; baseline 0.022 -45"><span class='ocrx_word' id='word_1_417' title='bbox 439 4485 474 4585; x_wconf 60' lang='lat' dir='ltr'><strong>d)</strong></span> <span class='ocrx_word' id='word_1_418' title='bbox 495 4508 525 4544; x_wconf 86' lang='lat' dir='ltr'><strong>ru</strong></span> <span class='ocrx_word' id='word_1_419' title='bbox 542 4491 666 4552; x_wconf 78' lang='lat' dir='ltr'><strong>Praelct.</strong></span> <span class='ocrx_word' id='word_1_420' title='bbox 764 4502 794 4571; x_wconf 85' lang='lat' dir='ltr'><strong>a)</strong></span> <span class='ocrx_word' id='word_1_421' title='bbox 814 4500 888 4575; x_wconf 89' lang='lat' dir='ltr'><strong>Cap.</strong></span> <span class='ocrx_word' id='word_1_422' title='bbox 908 4515 934 4566; x_wconf 80' lang='grc'><strong>7.</strong></span> <span class='ocrx_word' id='word_1_423' title='bbox 1030 4503 1107 4574; x_wconf 72' lang='lat' dir='ltr'><strong>oin</strong></span> <span class='ocrx_word' id='word_1_424' title='bbox 1126 4504 1288 4566; x_wconf 74' lang='lat' dir='ltr'><strong>Aurelianu</strong></span> <span class='ocrx_word' id='word_1_425' title='bbox 1307 4527 1332 4566; x_wconf 92' lang='lat' dir='ltr'><strong>c.</strong></span> <span class='ocrx_word' id='word_1_426' title='bbox 1352 4519 1397 4574; x_wconf 73' lang='lat'><strong>17.</strong></span> <span class='ocrx_word' id='word_1_427' title='bbox 1485 4509 1604 4587; x_wconf 75' lang='lat' dir='ltr'><strong>glPag.</strong></span> <span class='ocrx_word' id='word_1_428' title='bbox 1624 4517 1685 4572; x_wconf 77' lang='lat' dir='ltr'><strong>tte.</strong></span> <span class='ocrx_word' id='word_1_429' title='bbox 1703 4519 1728 4581; x_wconf 83' lang='lat'><strong>9·</strong></span> <span class='ocrx_word' id='word_1_430' title='bbox 1798 4497 1827 4567; x_wconf 78' lang='lat'><strong>¹¹)</strong></span> <span class='ocrx_word' id='word_1_431' title='bbox 1842 4493 1922 4549; x_wconf 58' lang='lat' dir='ltr'><strong>cm·</strong></span> 
     </span>
    </p>

    <p class='ocr_par' dir='ltr' id='par_1_11' title="bbox 317 4569 1918 4759">
     <span class='ocr_line' id='line_1_41' title="bbox 439 4569 1918 4676; baseline 0.02 -39"><span class='ocrx_word' id='word_1_432' title='bbox 439 4569 511 4638; x_wconf 76' lang='lat' dir='ltr'><strong>tna.</strong></span> <span class='ocrx_word' id='word_1_433' title='bbox 527 4576 560 4631; x_wconf 79' lang='grc' dir='ltr'><strong>Τ.</strong></span> <span class='ocrx_word' id='word_1_434' title='bbox 577 4578 629 4635; x_wconf 87' lang='lat'><strong>111.</strong></span> <span class='ocrx_word' id='word_1_435' title='bbox 648 4595 758 4656; x_wconf 67' lang='lat' dir='ltr'><strong>praa.</strong></span> <span class='ocrx_word' id='word_1_436' title='bbox 858 4588 933 4660; x_wconf 63' lang='lat' dir='ltr'><strong>iun</strong></span> <span class='ocrx_word' id='word_1_437' title='bbox 952 4591 1161 4661; x_wconf 61' lang='lat' dir='ltr'><strong>rimaran.</strong></span> <span class='ocrx_word' id='word_1_438' title='bbox 1264 4599 1298 4667; x_wconf 78' lang='lat' dir='ltr'><strong>a)</strong></span> <span class='ocrx_word' id='word_1_439' title='bbox 1319 4597 1455 4676; x_wconf 61' lang='lat' dir='ltr'><strong>cepta</strong></span> <span class='ocrx_word' id='word_1_440' title='bbox 1552 4572 1918 4675; x_wconf 60' lang='lat' dir='ltr'><strong>1„„·,..)r0n.ssl</strong></span> 
     </span>
     <span class='ocr_line' id='line_1_42' title="bbox 317 4671 1093 4759; baseline 0.027 -40"><span class='ocrx_word' id='word_1_441' title='bbox 317 4676 338 4742; x_wconf 68' lang='lat'><strong>&#39;,</strong></span> <span class='ocrx_word' id='word_1_442' title='bbox 437 4681 466 4737; x_wconf 77' lang='lat' dir='ltr'><strong>p-</strong></span> <span class='ocrx_word' id='word_1_443' title='bbox 489 4671 548 4735; x_wconf 78' lang='lat'><strong>¹93·</strong></span> <span class='ocrx_word' id='word_1_444' title='bbox 646 4671 790 4740; x_wconf 83' lang='lat' dir='ltr'><strong>u)1uscr.</strong></span> <span class='ocrx_word' id='word_1_445' title='bbox 811 4687 870 4736; x_wconf 81' lang='lat' dir='ltr'><strong>snt.</strong></span> <span class='ocrx_word' id='word_1_446' title='bbox 889 4679 922 4736; x_wconf 84' lang='grc' dir='ltr'><strong>Τ.</strong></span> <span class='ocrx_word' id='word_1_447' title='bbox 942 4681 961 4737; x_wconf 93' lang='lat' dir='ltr'><strong>l.</strong></span> <span class='ocrx_word' id='word_1_448' title='bbox 981 4703 1011 4759; x_wconf 95' lang='lat' dir='ltr'><strong>p.</strong></span> <span class='ocrx_word' id='word_1_449' title='bbox 1030 4693 1093 4748; x_wconf 73' lang='lat' dir='ltr'><strong>m.</strong></span> 
     </span>
    </p>
   </div>
   <div class='ocr_carea' id='block_1_7' title="bbox 561 3793 968 3877">
    <p class='ocr_par' dir='ltr' id='par_1_12' title="bbox 561 3793 968 3877">
     <span class='ocr_line' id='line_1_43' title="bbox 561 3793 968 3877; baseline -0.007 0"><span class='ocrx_word' id='word_1_450' title='bbox 561 3793 566 3802; x_wconf 41' lang='lat'><strong><em>¹</em></strong></span> <span class='ocrx_word' id='word_1_451' title='bbox 646 3816 789 3877; x_wconf 78' lang='lat' dir='ltr'><strong>Nomina</strong></span> <span class='ocrx_word' id='word_1_452' title='bbox 809 3831 850 3875; x_wconf 82' lang='lat' dir='ltr'><strong>ac</strong></span> <span class='ocrx_word' id='word_1_453' title='bbox 871 3815 968 3877; x_wconf 71' lang='lat' dir='ltr'><strong>urolt.</strong></span> 
     </span>
    </p>
   </div>
   <div class='ocr_carea' id='block_1_8' title="bbox 0 0 2084 5496">
    <p class='ocr_par' dir='ltr' id='par_1_13' title="bbox 0 0 2084 5496">
     <span class='ocr_line' id='line_1_44' title="bbox 0 0 2084 5496; baseline 0 3"><span class='ocrx_word' id='word_1_454' title='bbox 0 0 2084 5496; x_wconf 95' lang='lat' dir='ltr'><strong> </strong></span> 
     </span>
    </p>
   </div>
  </div>
 </body>
</html>
