4220 5504
733 467 905 542 tvnrn
954 466 1174 544 oostns.
1649 498 1717 576 19,

170 668 305 726 Matrem
322 659 479 728 Senatus,
510 663 544 716 et
560 655 694 720 lintrem
706 653 837 730 patriae
852 673 916 715 una
973 631 1109 726 nennio,
1133 649 1194 714 etsi
1209 649 1241 712 io
1264 650 1314 714 bis
1332 651 1374 716 sit
1390 654 1536 722 Victoria
1552 658 1717 744 gradiens,

169 755 539 842 Domnaappellarese
563 751 598 812 in
622 750 729 814 numia
751 765 802 815 est
828 773 917 816 ausa,
973 773 1040 816 uon
1054 747 1185 819 sedens.
1216 819 1221 836 .

171 864 271 928 Enim
285 879 367 924 vero
377 854 578 920 Caracallum
589 853 683 917 matri
701 852 917 917 ouramlibel·

171 968 302 1041 lorum,
331 973 365 1024 et
394 957 627 1042 epistolarum,
664 953 835 1038 utriusque
855 953 917 1014 lin·

172 1088 258 1156 guae
281 1061 503 1137 commisisse,
527 1059 594 1121 suis
620 1057 662 1122 ad
680 1069 827 1120 senatum
850 1055 918 1139 epi·
1038 1045 1269 1110 Consecratam
1299 1067 1371 1110 eam
1392 1047 1496 1114 fuisse
1521 1052 1720 1138 scriptorum

172 1171 287 1246 stolis,
315 1187 390 1232 eum
417 1184 453 1226 se
482 1175 579 1247 atque
606 1155 787 1222 exercitum
805 1156 917 1222 valere
974 1161 1124 1214 veterum
1142 1166 1239 1210 nemo
1258 1137 1421 1232 prodidit,
1445 1165 1476 1214 at
1495 1153 1583 1216 istud
1599 1155 1720 1222 docent

173 1271 352 1346 scriberet,
382 1263 547 1328 addidisse
563 1279 695 1345 semper
708 1272 742 1322 et
767 1271 918 1336 matrem,
974 1247 1075 1312 numi.
1104 1247 1133 1309 F
1135 1262 1242 1312 actum
1265 1249 1353 1313 istud
1375 1267 1510 1318 curante
1528 1255 1721 1340 Elagabalo,

1195 909 1304 974 Dina
1324 907 1492 978 Dumna.

173 1391 313 1458 eamque
339 1391 358 1432 a
381 1365 544 1452 primariis
568 1363 649 1427 viris
663 1359 801 1446 perinde
819 1380 857 1423 ae
880 1378 917 1422 sa
975 1350 1030 1414 cni
1052 1369 1115 1435 per
1139 1364 1277 1414 matrem
1306 1352 1532 1418 Soaemiadem
1554 1359 1719 1442 sauguinis
1835 1429 1838 1438 ¹

172 1475 320 1542 noluisse
342 1465 492 1543 salutari,
522 1463 629 1528 refert
651 1463 717 1525 Dio
733 1463 774 1542 ⁸).
806 1461 918 1556 Quare
973 1471 1078 1514 nexus
1103 1471 1176 1514 auru
1192 1453 1420 1532 Domnaiuit,
1452 1457 1530 1520 satis
1547 1458 1616 1542 ipsa
1635 1461 1719 1524 ratio

173 1577 294 1647 mirum
318 1593 385 1637 non
408 1584 478 1645 est,
507 1587 579 1631 eam
597 1577 687 1629 tanto
709 1561 842 1644 fastigio
863 1559 922 1624 ad·
974 1551 1161 1640 persuadet.
1239 1615 1249 1630 ⁶

172 1691 300 1744 suetam
336 1691 436 1758 aegre
467 1669 582 1733 tulisse
613 1667 654 1730 ad
687 1667 850 1751 privatum
880 1683 916 1728 se
1116 1655 1626 1730 DIVA.1vL1A.avas'rn.
1666 1667 1723 1726 Ca.

173 1794 294 1845 statum
322 1774 450 1860 redigi,
479 1785 513 1835 et
544 1767 733 1854 probabiles
767 1780 843 1830 sunt
870 1766 919 1827 in·
1114 1765 1342 1840 potestatum.

172 1881 296 1956 sidiae,
341 1899 422 1964 quas
449 1894 521 1940 eam
559 1872 738 1933 intentasse
769 1867 919 1933 Macrino
977 1861 1302 1928 CONSECRATIO.
1336 1863 1370 1925 S.
1393 1862 1430 1926 C.
1464 1865 1589 1928 Dumna
1612 1871 1643 1930 d.
1668 1871 1724 1930 lra-

171 2003 273 2068 supra
291 1978 504 2044 ostendimus.
526 1973 642 2036 Matris
661 1973 861 2047 Castrorum,
885 1981 920 2032 et
975 1975 1059 2026 stom
1074 1969 1140 2028 vels'
1148 1986 1209 2045 per
1226 1969 1460 2045 caputsinnoto
1472 1988 1494 2028 e
1510 1987 1639 2044 pavone
1656 1985 1746 2042 aurs

171 2087 305 2150 Patriae
329 2099 450 2146 nomeu
480 2097 552 2140 eam
575 2076 640 2161 jam
663 2073 779 2138 tulisse
801 2085 918 2159 quarto
975 2070 1170 2149 sumsertsr.
1192 2069 1261 2130 ΑΕ.
1283 2067 1310 2131 Ι.
1333 2068 1432 2148 (Mus.
1451 2067 1559 2148 Caes.)

171 2185 364 2273 imperantis
381 2180 490 2244 mariti
512 2199 617 2254 anno,
646 2176 754 2262 liquet
771 2195 814 2238 ex
836 2194 921 2236 mar·
1140 2173 1263 2232 Eadem
1283 2173 1431 2231 Maereat.

171 2307 268 2353 more
304 2282 479 2350 Muratorii
498 2277 544 2362 b).
601 2279 711 2342 Etiam
746 2277 781 2340 iu
818 2295 919 2339 numo
978 2267 1303 2342 CONSECRATIO.
1342 2273 1439 2336 Pavo.
1485 2272 1558 2334 Ast.
1595 2272 1722 2354 (B‘eger

170 2389 387 2454 Psltenorum
413 2384 528 2467 Syriae
558 2377 680 2444 dicit'ur
702 2367 921 2446 CTParsnrds
972 2369 1080 2436 libes.
1097 2371 1217 2436 Brund.
1234 2375 1273 2437 Τ.
1292 2373 1331 2436 ll·
1346 2393 1380 2457 p.
1394 2371 1468 2459 opo.
1490 2373 1608 2452 Vaill.)
1654 2413 1657 2416 -

171 2487 325 2569 Mffile'
348 2500 524 2552 mmmm
539 2494 642 2627 :mm
657 2482 698 2564 ⁰)·
871 2519 877 2556 ¹
1104 2531 1205 2593 Numi
1224 2532 1391 2592 commotis
1406 2532 1591 2622 peraprina':

320 2697 363 2756 Vr
382 2630 481 2754 o‘t.d.
620 2629 641 2671 ⁵
729 2719 731 2726 ·
857 2703 860 2710 ·
1041 2666 1140 2730 Numi
1166 2679 1231 2730 tam
1254 2671 1380 2732 urbium
1407 2669 1596 2745 literarum,
1627 2687 1723 2751 quana

174 2797 272 2863 s,1¹‚
295 2765 400 2890 (2:11,
430 2789 591 2860 lVLlle.
622 2770 810 2858 Avssvstp,
848 2791 921 2852 ear.
977 2771 1176 2832 coloniorum
1188 2768 1406 2852 copiosissimi
1415 2782 1553 2832 exstant.
1576 2767 1724 2830 Atraris·

169 2909 303 2982 pentum
320 2917 342 2958 a
355 2898 440 2958 bini,
457 2896 553 2956 ,nutis
570 2903 714 2956 tractum,
744 2892 812 2954 ΑΕ,
835 2909 923 2952 Μ,
978 2869 1055 2934 simi
1069 2874 1305 2947 Alexandrini,
1328 2883 1364 2933 ut
1381 2870 1503 2934 dictum
1518 2891 1578 2933 suo
1594 2869 1680 2932 looo.

173 2999 265 3064 mod.
287 2993 522 3080 (Mus.Pisan.)
537 2997 616 3057 Fere
632 2996 853 3070 similitudine,
867 2997 925 3056 sed
1089 3029 1161 3092 No
1170 3029 1309 3095 MINA
1333 3048 1354 3089 a
1364 3047 1382 3089 c
1413 3029 1573 3092 ΤΗΉ
1583 3029 1610 3088 L

176 3103 248 3166 AB.
267 3101 293 3164 l.
316 3097 447 3178 (Vaill.)
1314 3117 1319 3124 ·

243 3200 399 3286 carpenti
414 3197 575 3262 bonorem
591 3219 611 3259 a
626 3183 741 3262 senatu
757 3197 851 3260 vivae
868 3195 925 3260 ad·
1647 3279 1650 3288 Ι

175 3307 243 3372 111111
264 3303 415 3368 D⁰ffl¹¹³0
439 3299 611 3366 decretum
633 3299 668 3361 5¹1
682 3298 744 3362 ¹¹³⁰
766 3297 838 3382 eiu·
864 3319 923 3380 ΡΟ·
1043 3309 1172 3371 Nomen
1185 3303 1273 3367 istud
1291 3304 1375 3368 sitne
1393 3302 1529 3387 originis
1549 3301 1661 3384 Syrae,
1684 3323 1725 3364 an

175 3401 665 3477 tentiatantominusmirom,
689 3421 764 3466 eum
783 3396 921 3465 othone
979 3407 1135 3483 Latinae,
1167 3419 1201 3470 et
1228 3419 1431 3472 contractum
1457 3423 1499 3466 ex
1521 3407 1677 3478 Domina,
1706 3425 1726 3466 a

175 3511 340 3572 bonorem
362 3503 538 3567 Messalina
569 3501 711 3582 Claudii,
741 3503 922 3587 Agrippina
977 3509 1078 3575 variis
1104 3507 1312 3592 disputatum.
1333 3506 1517 3570 Posteriori
1545 3505 1726 3568 sententiae

177 3611 300 3684 ⁸¹10r⁸s
340 3621 374 3671 ⁰2
395 3605 551 3670 Faustino
574 3603 700 3687 junior,
731 3603 922 3690 impotentis
978 3597 1360 3686 sdhdesitPellerinius,
1392 3608 1585 3692 statuitque,
1617 3605 1652 3666 id
1669 3626 1727 3669 no·
1757 3643 1763 3652 ·

176 3730 293 3778 omnes
310 3708 409 3773 animi
426 3707 568 3770 leminea
587 3705 649 3768 sibi
664 3705 792 3791 pridem
814 3719 923 3771 extor·
979 3731 1055 3777 meu
1074 3711 1205 3773 mulieri
1218 3729 1279 3796 per
1296 3710 1513 3794 arrogantiam
1532 3708 1729 3796 quaesitum,

176 3812 298 3890 serim,
319 3809 405 3874 utin
422 3809 538 3872 harum
555 3808 662 3871 numia
686 3809 836 3874 vidimus.
980 3825 1013 3876 ut
1038 3833 1113 3876 cum
1136 3817 1268 3876 Domini
1295 3813 1471 3896 appellatio
1496 3809 1654 3872 Romanis
1677 3810 1727 3870 in·

454 3953 475 3993 ι
536 3910 557 3949 ⁴
618 3951 640 3994 a
980 3917 1050 3982 visa
1068 3927 1175 3990 esset,
1205 3913 1385 3998 mitigatam
1403 3914 1443 3978 ab
1463 3935 1502 3978 ea
1519 3915 1661 3978 nominis
1677 3915 1726 3978 in-

1263 3169 1428 3230 Domum

281 4021 324 4080 Vr
342 4021 391 4080 tir.
406 4017 444 4076 B.
980 4016 1101 4082 sidiam
1124 4017 1321 4095 scribendo,
1343 4019 1469 4080 Bomnn
1490 4039 1552 4101 pro
1574 4021 1725 4081 Domina

175 4119 356 4188 VICTOR.
379 4119 490 4186 IVS'I'.
511 4114 611 4186 ΔΥΕ.
640 4119 922 4182 Victoriosedens.
981 4119 1067 4181 Sane
1095 4139 1215 4182 nomen
1238 4119 1365 4182 Damna
1399 4140 1466 4182 non
1496 4139 1569 4184 esse
1594 4120 1724 4202 Syram,

177 4223 250 4286 AR.
273 4219 501 4301 (Musones.)
557 4270 560 4276 .
980 4221 1098 4308 probat
1113 4241 1212 4284 numo
1230 4219 1487 4304 Cyzicenorum,
1510 4223 1544 4284 in
1559 4243 1624 4308 quo
1637 4223 1726 4306 prin·

242 4325 365 4388 Aversa
381 4323 414 4384 in
428 4324 559 4385 Domna
579 4319 760 4398 rarissima,
783 4333 818 4382 et
835 4319 922 4382 sorte
981 4343 1060 4407 ceps
1102 4343 1217 4386 eorum
1262 4323 1322 4386 deu
1353 4315 1552 4408 Proserpina
1586 4324 1723 4388 dieitur:

176 4424 285 4497 unios.
327 4425 434 4510 Magis
463 4422 559 4488 olaria
574 4423 608 4487 iu
629 4421 772 4502 Severo,
795 4417 925 4488 et'Pes·
981 4413 1420 4509 dommoruna).
1440 4425 1725 4492 Haeeririeximii

215 4757 247 4830 a)
265 4753 298 4814 b.
316 4753 465 4818 Lxxvn.
481 4757 506 4828 i.
524 4763 568 4818 td·
605 4753 871 4836 b)Ps3.1088.2·
908 4758 939 4832 c)
953 4749 1062 4815 Sestiu'i
1078 4754 1193 4816 Lettere
1209 4754 1291 4818 ΤΝ.
1300 4777 1331 4836 p.
1347 4758 1392 4823 66.
1431 4755 1639 4832 d)Additious
1656 4763 1721 4836 pt.
