4242 5504
671 496 674 506 ,
740 458 1158 575 euaetuanve
1645 487 1715 557 Q,

175 645 258 720 buli,
283 663 362 730 quas
390 663 488 728 snpra
521 641 557 704 in
580 638 652 724 ejus
671 641 780 704 numis
803 642 844 706 ad
869 665 935 720 sn·,
981 657 1105 706 tantum
1137 644 1188 709 -ad
1223 667 1341 710 numos
1379 651 1548 715 commatis
1584 657 1725 720 Romani

175 769 254 810 num
278 748 321 814 v.
342 747 379 810 C.
407 763 465 828 97¹
500 744 672 828 congessi,
702 744 925 810 contenderis.
957 735 1108 821 'ualentt
1144 769 1220 810 nem
1259 748 1293 810 in
1330 748 1386 824 iis,
1421 771 1504 834 quos
1536 758 1725 838 provinciae

174 846 317 924 Fateor,
340 846 437 910 aliter
463 844 586 906 sentire
609 843 842 922 Vaillantium,
867 848 923 932 qui
981 845 1115 926 dedere,
1138 869 1196 912 seu
1211 849 1341 912 urbium
1356 850 1546 930 liberarum,
1568 860 1728 922 seueolo·

172 949 210 1012 in
225 947 342 1012 Numis
366 959 487 1033 praest.
504 949 543 1008 T.
560 947 587 1009 1.
604 967 637 1030 p.
657 945 822 1011 sio‘heeo
845 949 927 1012 sori-
980 947 1128 1027 uiarum,
1148 971 1213 1012 non
1230 945 1305 1012 raro
1322 949 1479 1030 judicium
1504 951 1747 1039 desperatum,x

174 1040 241 1114 isin
264 1052 365 1115 Numi
384 1051 563 1132 Eleyebals'
577 1051 867 1129 utdtsnuquantur
881 1053 923 1112 ab
982 1047 1088 1112 dubiis
1114 1070 1212 1135 saepe
1236 1051 1278 1114 ob
1304 1049 1424 1134 seulpri
1451 1053 1626 1120 ruditatem
1658 1061 1725 1124 oris

176 1153 238 1226 s'a's,
260 1156 320 1234 qui
332 1155 379 1214 ad
393 1152 592 1212 Caracallum
607 1159 768 1229 spectent,
789 1153 825 1211 ἐπ
844 1172 923 1212 eree
943 1153 950 1178 ‘
980 1147 1205 1228 lineamentis,
1229 1165 1262 1214 et
1286 1152 1401 1236 capitia
1417 1152 1630 1240 inscriptione
1648 1163 1728 1224 utri·

175 1253 836 1334 ostrumplemmquehnbent,eademenim
845 1255 927 1314 astri·
980 1271 1084 1336 nsque
1112 1251 1260 1316 Caesaris
1289 1253 1444 1334 patiente.
1488 1256 1628 1340 Copiosa
1650 1275 1726 1326 sunt

177 1375 278 1438 esque
294 1356 411 1433 rapitis
424 1353 606 1432 epiqraphe.
628 1348 924 1418 HeecVeillantius
981 1354 1144 1437 exempla,
1167 1352 1285 1438 quibus
1297 1353 1386 1416 viros
1397 1355 1494 1418 etiam
1505 1357 1727 1424 artisnostrae

176 1451 466 1537 adsererepotuit,
490 1465 724 1534 quemoonatat
739 1445 951 1537 inscriptio·x
980 1455 1197 1538 peritissimos
1226 1455 1260 1516 in
1285 1453 1434 1518 fraudem
1463 1455 1616 1522 inductos
1650 1459 1729 1524 iuis·

168 1539 237 1620 'nes
261 1554 376 1640 eapitis
401 1551 482 1616 tanti
508 1549 649 1630 iecisse,
671 1554 782 1637 quanti
800 1574 923 1616 cassam
980 1574 1017 1618 se
1028 1543 1236 1640 routpertum
1247 1555 1307 1616 e'st.
1325 1557 1361 1616 ln
1371 1557 1421 1618 hie
1432 1558 1618 1622 caracallae
1628 1580 1727 1646 saepo

176 1675 319 1733 nucem,
343 1654 529 1738 cujuseum
548 1653 651 1738 iniqui
676 1653 790 1736 judicii
807 1675 924 1739 graves
981 1656 1144 1718 succurrit
1164 1669 1220 1718 aut
1236 1653 1337 1720 barba
1360 1657 1573 1742 promistior,
1595 1669 1651 1724 sut
1673 1662 1730 1725 ad·

178 1775 278 1842 saepe
311 1755 441 1820 dedisse
475 1773 613 1840 poenas,
648 1755 714 1839 jum
740 1775 838 1841 saepe
863 1775 924 1841 per
981 1754 1198 1821 ditanomina
1225 1761 1353 1834 Seueri,
1375 1751 1574 1838 Britannici,
1599 1747 1729 1828 Gemue-

176 1859 243 1926 hoe
259 1878 342 1942 opus
358 1855 511 1922 vidimus.
554 1927 556 1936 ,
979 1859 1065 1934 nies',
1086 1869 1156 1918 tum
1172 1857 1298 1942 epoche
1311 1857 1353 1924 iis
1375 1859 1531 1946 inscripta
1554 1851 1647 1928 litem
1662 1885 1731 1935 non

242 1960 365 2038 Haec,
381 1977 464 2045 quae
500 1955 600 2023 modo
635 1955 816 2041 disputavi,
851 1953 925 2031 fere
980 1977 1057 2023 raro
1076 1970 1218 2024 resecat·
1535 1947 1537 1952 ’

818 2271 1074 2338 Puerum.

377 2471 548 2534 commatis
569 2471 727 2532 Romani.-
1483 2536 1486 2552 Β

478 2569 581 2637 Aurei
633 2584 644 2605 ·
792 2611 802 2630 ·
840 2593 845 2602 ’
844 2611 1338 2634 ..........
1382 2575 1423 2634 R.
1575 2561 1579 2568 ¹

479 2659 1419 2755 Argenteii.....,...'....C.

401 2831 405 2842 ,
478 2770 585 2835 Aenei
603 2771 791 2836 max.mod.
843 2814 853 2832 .
895 2813 904 2836 .
949 2817 959 2838 .
1003 2814 1013 2834 .
1057 2816 1337 2855 ......
1381 2775 1484 2838 ΕΗΒ.

479 2871 587 2937 Aeuei
609 2872 633 2936 1.
648 2886 682 2934 et
700 2873 742 2937 ΙΙ.
764 2873 891 2938 formae
949 2918 982 2949 ·,
1003 2915 1333 2942 ·······
1377 2876 1448 2961 (3.Ι

481 2973 587 3036 Aenei
603 2973 660 3038 lli.
678 2971 804 3037 formae
837 3015 857 3035 ,.
902 3017 912 3037 .
1007 3017 1334 3042 .......
1379 2975 1422 3040 O.

385 3078 552 3138 commatis
565 3077 729 3156 pereyrr'ni
737 3098 749 3137 .·

482 3175 587 3240 Aenei
604 3174 733 3238 urbium
754 3175 956 3254 liberarum,
978 3190 1012 3240 et
1029 3176 1232 3242 coloniarum
1276 3222 1284 3239 .
1328 3221 1338 3238 .
1381 3178 1418 3239 C.

482 3275 694 3339 Alexandrini
741 3317 1122 3342 ........
1129 3349 1132 3354 ,
1167 3323 1177 3342 .
1221 3322 1228 3338 .
1274 3325 1284 3342 .
1328 3323 1336 3337 .
1381 3278 1419 3343 G.

670 3594 882 3656 onnes
916 3593 1241 3656 ELAGABALI.

248 3799 372 3860 Harum
400 3797 513 3880 plures
526 3792 739 3879 Elagabalum
762 3812 824 3879 per
838 3796 928 3858 'riees
985 3792 1114 3874 Belleyi
1130 3800 1178 3870 ⁸),
1201 3814 1264 3880 que
1281 3795 1310 3858 is
1333 3813 1445 3859 earum
1466 3793 1530 3857 sibi
1551 3795 1729 3859 suceeden-

185 3899 337 3975 duxisee,
361 3917 402 3961 ex
420 3897 527 3960 uumis
542 3909 688 3974 constat,
710 3909 744 3960 et
761 3895 928 3982 scriptori·
986 3895 1068 3959 tium
1083 3896 1231 3959 ordinem
1246 3893 1350 3980 figere
1364 3897 1518 3971 instituit,
1541 3915 1638 3980 quom
1656 3916 1730 3960 oum

184 3997 267 4074 bus,
288 3997 351 4060 etsi
362 3999 397 4060 hi
416 3999 513 4062 alteri
528 3999 562 4058 in
574 3995 725 4060 omnibus
742 3997 849 4062 osusis
863 4015 929 4060 uon
986 3995 1021 4058 in
1044 3997 1109 4062 hoo
1126 4011 1245 4062 conatu
1271 3998 1324 4062 vix
1340 4019 1483 4082 unquam
1504 4017 1592 4060 ame
1609 3998 1734 4072 dissen·
1768 4074 1771 4088 Ι

187 4098 502 4176 satie-consentient,
524 4111 562 4162 nt
578 4097 743 4163 docebunt
755 4111 931 4185 sequentes
984 4098 1051 4161 tire
1059 4099 1220 4175 viderem,
1240 4097 1333 4162 licuit
1344 4119 1401 4176 ea,
1424 4119 1509 4184 quae
1524 4100 1731 4182 scripseram,

186 4199 431 4288 eomnrentarii,
447 4206 537 4286 'quos
554 4213 767 4288 posteaquam
791 4199 935 4266 oousori-
990 4198 1180 4286 relinquere
1195 4201 1326 4264 intuetu.
1444 4217 1447 4224 ’

186 4301 256 4383 psi,
286 4300 389 4364 ineidi
409 4299 504 4366 ‘forte
526 4301 570 4364 tn
602 4301 866 4368 dissertationem
886 4301 932 4365 ol.

224 4666 641 4745 neunuunn

252 4871 258 4882 .
311 4811 537 4894 (formet
618 4879 621 4884 ,
680 4845 694 4884 -.
