4158 5496
702 455 1093 564 avnunrsuvs.
1182 519 1184 522 .
1226 461 1235 552 j
1593 477 1664 554 a„

115 659 208 706 anne
231 639 269 706 V.
294 641 329 704 C·
366 648 460 719 tort,
486 638 594 707 lactus
622 651 675 706 eat
699 641 866 728 Augustas
922 643 1115 710 tercesaiaae
1135 640 1286 710 referum
1300 645 1463 731 Vopiscus
1479 658 1512 711 at
1526 659 1666 736 aterque

112 763 206 808 anno
237 743 457 827 praecedente
491 744 590 818 toni,
626 763 766 829 cumque
784 748 868 823 ,eac-
922 743 1063 811 Victor?
1085 748 1177 830 Ergo
1196 747 1223 808 si
1242 767 1352 809 rernm
1376 747 1555 822 autberum
1577 751 1669 838 ¹testi·

111 863 236 910 cessor
264 843 336 928 ejus
364 847 497 910 Tacitus
527 845 730 928 processerit
750 845 865 909 consul
923 845 1090 924 monium,
1110 867 1248 910 necesse
1278 861 1329 910 est
1356 851 1470 923 etiam,
1498 854 1666 916 annumA
1754 857 1760 867 '

112 966 207 1010 anno
228 941 269 1009 V.
293 944 330 1010 C.
356 962 453 1028 toea),
484 943 590 1010 factus
619 945 648 1026 ia
679 959 730 1010 est
757 950 868 1028 Augu·
922 946 1092 1030 pertinere
1117 947 1157 1010 ad
1181 963 1310 1032 tempus
1334 947 1421 1012 diem
1438 937 1557 1014 x'tttx.
1580 971 1670 1020 men·

113 1061 192 1112 stus
212 1066 298 1112 anno
319 1047 469 1130 proxime
491 1045 663 1130 superiore
689 1047 784 1124 roae,
818 1047 866 1113 ni·
921 1047 968 1110 sie
985 1047 1124 1132 Augusti
1146 1049 1222 1112 suni
1239 1051 1278 1116 V.
1295 1052 1331 1113 C.
1360 1049 1438 1114 rosa
1457 1051 1669 1134 praecedens,

114 1150 240 1232 mirum
264 1167 306 1210 ex
327 1147 478 1211 instituto
498 1147 631 1224 vetere,
655 1171 720 1234 quo
743 1149 788 1226 is,
811 1147 867 1232 qui
924 1148 1074 1232 coepisse
1095 1163 1165 1212 tunt
1183 1172 1301 1213 annum
1324 1151 1371 1225 B,
1403 1171 1441 1214 ac
1464 1151 1594 1215 demum
1617 1175 1674 1216 an·

112 1249 297 1334 imperium
328 1249 492 1333 suscepit,
525 1249 867 1332 proximia'Kelendis
923 1271 1003 1312 num
1021 1274 1043 1324 ς
1062 1248 1333 1322 initiumdacere
1350 1251 1392 1314 eb
1415 1253 1532 1316 eodem
1550 1253 1674 1319 diean-

112 1354 250 1416 Ianuar.
267 1351 382 1414 consul
399 1369 531 1436 semper
539 1351 711 1435 processit.
733 1354 784 1414 Ex
801 1345 867 1435 quc
923 1349 959 1412 ni
977 1368 1074 1432 roa7,
1096 1371 1162 1436 qno
1183 1335 1335 1430 labente,
1358 1353 1418 1418 sed
1440 1375 1525 1420 anno
1542 1357 1668 1421 Iuliano

112 1450 283 1528 efficitur,
313 1441 493 1535 imperatae
523 1473 599 1518 enm
629 1451 723 1514 annis
752 1451 868 1517 solidis
929 1453 1011 1516 rore
1026 1442 1141 1516 caesus
1161 1466 1213 1516 eat
1228 1455 1436 1518 Aurelianus.
1481 1457 1592 1553 Quare
1613 1477 1672 1520 nu·

113 1567 280 1640 quatuor,
323 1553 441 1637 quibus
473 1543 632 1618 addenda
680 1573 756 1638 pars
792 1553 868 1616 enni
924 1553 971 1614 mi
993 1553 1206 1618 Alexandrini
1228 1575 1303 1620 cum
1325 1556 1559 1622 historicorum
1582 1559 1673 1621 teati-

118 1653 225 1732 roei,
247 1673 313 1739 qno
334 1653 441 1718 dictus
462 1667 513 1718 est
532 1655 721 1740 Augustus,-
741 1669 775 1718 et
792 1653 867 1739 pers
924 1654 1043 1717 moniis
1061 1670 1153 1720 recte
1166 1657 1366 1741 conspirant.
1406 1659 1538 1722 Etenim
1557 1679 1672 1724 caesus

113 1758 199 1820 anni
232 1755 331 1833 reali,
363 1777 429 1842 quo
459 1755 622 1833 decessit,
651 1777 693 1822 ex
726 1776 792 1842 quo
823 1769 869 1818 ta·
924 1767 976 1818 est
996 1755 1193 1844 Aurelianus
1216 1758 1352 1822 circiter
1372 1759 1483 1822 medio
1502 1761 1671 1828 MertioV.

114 1877 199 1922 men
229 1877 315 1922 enno
344 1859 531 1943 posteriore
565 1857 732 1924 eximendi
762 1857 868 1920 adhuc
927 1858 963 1920 C.
990 1857 1086 1936 rore,
1128 1879 1194 1943 que
1223 1872 1375 1945 tempore
1405 1859 1501 1924 lluxit
1532 1861 1674 1924 Alexan·
1793 1891 1797 1904 ‹

113 1974 199 2026 sunt
220 1981 279 2024 aex
299 1967 428 2022 menses
443 1960 628 2044 interregni
640 1959 710 2043 ejus
728 1971 868 2020 mortem
927 1957 1096 2030 drinprum
1119 1981 1221 2023 annua
1237 1962 1314 2037 vt,
1347 1962 1423 2024 inde
1445 1963 1672 2048 interregnum

115 2062 310 2139 consecuti,
333 2060 376 2154 de
399 2083 465 2146 quo
481 2061 557 2126 vide
573 2061 722 2126 Tacitum
741 2081 870 2123 succes·
926 2059 984 2125 vt.
1006 2059 1185 2135 mensium,
1218 2081 1284 2145 quo
1315 2075 1430 2126 erecto
1463 2063 1589 2126 electus
1612 2068 1674 2126 Te·

65 2177 73 2188 '
114 2183 252 2240 eorem,
291 2179 326 2228 et
353 2185 430 2249 pars
459 2162 606 2246 reliqua,
638 2181 721 2246 quae
753 2161 869 2228 Tacito
927 2160 1010 2224 citus
1032 2160 1201 2230 dtaxxv.
1224 2161 1449 2246 Septembris,
1472 2177 1508 2226 ut
1533 2163 1672 2240 dicetur,

116 2269 208 2348 Aug.
232 2266 381 2328 debetur.
409 2262 596 2332 Videndum
620 2263 705 2345 jam,
728 2261 808 2346 quid
829 2259 871 2325 ed
927 2253 965 2325 ac
987 2275 1057 2323 tum
1079 2261 1177 2346 hujus
1198 2265 1290 2326 numi
1310 2263 1529 2342 Alexandriae
1551 2265 1675 2350 signari

116 2369 189 2432 boc
207 2385 345 2430 examen
360 2363 532 2430 conferant
548 2365 650 2429 numi.
927 2383 1070 2448 coepere
1087 2384 1162 2426 cum
1180 2386 1264 2430 anno
1282 2367 1320 2428 A.
1351 2367 1403 2427 Ex
1423 2387 1487 2450 quo
1505 2380 1618 2450 aperte
1636 2365 1674 2427 li-

188 2471 275 2542 Eoe,
299 2467 354 2552 qui
372 2465 631 2536 suntcommetia
645 2465 800 2540 Romani,
823 2466 871 2528 ni·
927 2479 1023 2550 quet,
1046 2465 1218 2550 quodiam
1243 2455 1279 2530 in
1304 2465 1440 2530 Claudio
1463 2466 1605 2530 Gothico
1627 2465 1676 2526 in-

119 2568 175 2630 bil
201 2569 357 2633 conferre
387 2567 477 2652 opis,
510 2567 589 2651 quin
619 2567 868 2649 chronologiam
927 2566 1002 2640 nui,
1024 2588 1141 2629 numos
1171 2566 1412 2632 Alexandrinos
1443 2569 1571 2632 Claudii
1599 2589 1673 2632 cnm

119 2669 260 2733 turbere
283 2669 410 2753 potius,
431 2667 497 2750 jam
514 2689 612 2752 cupra
636 2667 678 2731 ad
701 2688 819 2730 numos
832 2670 871 2730 P.
928 2687 1013 2730 anno
1028 2663 1055 2726 Δ
1072 2668 1183 2730 locum
1199 2668 1322 2732 babere
1340 2691 1406 2732 non
1423 2691 1541 2756 posse,
1564 2691 1602 2734 ec
1618 2670 1687 2744 de·¹
1726 2649 1737 2744 ,¹

118 2773 170 2834 bd.
187 2772 255 2832 ΤΗ.
275 2773 312 2834 Ρ.
329 2783 391 2833 etc.
414 2769 606 2834 memoravi.
650 2768 765 2832 Simile
789 2768 872 2849 jadi-
928 2770 1028 2854 nique
1057 2789 1158 2832 annos
1187 2770 1244 2838 Vl.
1284 2771 1432 2856 imperii,
1475 2791 1557 2855 quos
1593 2771 1674 2835 varii

120 2872 214 2934 cium
252 2871 294 2933 de
332 2869 568 2946 marmoribus,
608 2890 691 2956 ques
729 2869 874 2960 offerunt
931 2871 1110 2954 scriptores
1139 2873 1318 2936 Aureliano
1346 2873 1516 2948 tribuunt,
1547 2871 1674 2936 admitti

104 2969 289 3034 ‘Gruterus
301 2985 335 3034 et
347 2969 565 3046 Muratorius,
586 2969 622 3031 in
644 2971 764 3056 quibus
780 2992 874 3057 prae·
930 2993 997 3035 non
1012 2992 1128 3058 posse,
1150 2973 1230 3047 nisi,
1254 2972 1343 3058 quod
1360 2975 1561 3058 ignoramus,
1581 2975 1675 3038 Clau·

121 3089 178 3139 ter
208 3075 319 3158 lapsus
349 3090 484 3150 eorum,
522 3069 578 3156 qui
613 3091 652 3134 ea
681 3059 872 3156 vulgavere,
931 3073 1004 3136 alius
1024 3075 1100 3136 mox
1115 3074 1251 3138 ineunte
1271 3094 1356 3138 anno
1374 3075 1416 3143 V.
1435 3076 1470 3158 C.
1492 3073 1570 3138 1023
1589 3097 1679 3140 mor·

123 3187 254 3239 metues
282 3175 380 3238 etiam
404 3171 524 3248 iidem,
560 3172 650 3257 quod
673 3174 873 3238 Panvinians
929 3187 1005 3238 tuus
1027 3186 1204 3250 statuatur,
1233 3189 1268 3238 et
1288 3175 1394 3260 ipsum
1417 3161 1514 3240 etiam
1537 3177 1678 3240 interre·
1716 3243 1726 3252 ,

51 3311 59 3328 ·
122 3277 383 3362 pleraquesunt,
404 3273 710 3358 autHispanienaia.
730 3276 871 3344 Vnicum
929 3297 1031 3360 gnum
1063 3295 1121 3338 sex
1143 3277 1321 3358 mensium,
1344 3277 1575 3364 ⁸quod‘visum
1596 3299 1677 3340 nun·

78 3455 83 3464 ,
124 3378 310 3445 subsidium
340 3398 359 3440 e
387 3375 495 3439 numia
523 3373 765 3438 Alexandrinis.
807 3380 874 3439 Ex·
930 3377 1031 3439 nullis
1049 3377 1205 3452 eruditis,
1227 3379 1597 3464 adbncascriptoribus
1614 3377 1675 3446 suls

123 3467 215 3544 ¹stent
234 3480 268 3542 id
291 3499 394 3566 genus
415 3475 586 3540 Aureliaui
613 3476 704 3538 numi
731 3479 810 3540 al..
832 3480 872 3542 A.
931 3477 1099 3548 Aureliani
1129 3479 1269 3561 imperio
1308 3481 1583 3564 comprehensum
1614 3493 1674 3554 est,

125 3601 232 3668 usque
254 3585 295 3646 1..
317 3605 349 3656 ς,
380 3599 440 3642 eeu
469 3579 510 3642 eb
541 3595 625 3642 auno
652 3580 679 3643 l.
707 3579 873 3660 usquead
931 3599 1113 3663 quanquam
1127 3579 1181 3641 vel
1200 3593 1269 3640 tum
1282 3581 1474 3644 sexennium
1492 3581 1580 3644 istud
1596 3601 1676 3643 non·

124 3685 340 3759 Vl.,Certum
355 3693 423 3758 eet,
445 3701 563 3744 samoe
579 3680 755 3764 inscriptos
770 3679 809 3742 L.
830 3681 874 3745 A.
931 3679 996 3744 nisi
1016 3679 1252 3762 incompletum
1274 3680 1525 3766 intelligendum
1548 3682 1622 3746 erit.

125 3783 390 3868 fuissesignatos
405 3794 481 3844 ente
495 3781 619 3844 exitum
633 3783 773 3864 Augusti
789 3783 827 3851 V.
837 3785 873 3848 C.
993 3785 1036 3846 At
1052 3781 1139 3844 enim
1155 3779 1356 3866 descriptum
1377 3781 1432 3871 bic
1457 3784 1605 3846 ordinem
1624 3803 1677 3843 ur·
1754 3845 1757 3850 ,
1801 3783 1828 3816 “’

130 3887 225 3952 roal.
267 3888 349 3948 Nem
367 3897 458 3961 esto,
481 3902 540 3946 eos
560 3895 636 3966 post
657 3883 722 3946 boc
744 3899 873 3968 tempus
932 3895 990 3969 get
1011 3879 1190 3946 difficultas
1211 3903 1277 3946 nun
1300 3884 1403 3962 lavia,
1433 3905 1553 3968 nempe
1577 3886 1677 3948 Seve-

106 4007 203 4052 vesse
220 4003 412 4071 percussos,
435 4004 476 4048 ex
493 3983 874 4069 coguitoAlexaudrino·
931 3985 1042 4061 rinae,
1075 4003 1159 4070 quae
1182 3999 1272 4050 certa
1299 3985 1361 4047 suit
1382 3986 1551 4050 Aureliani
1581 4007 1675 4061 uxor,

126 4110 204 4155 rum
226 4087 355 4153 calculo
377 4105 533 4160 ennuss,
557 4104 616 4150 seu
632 4089 688 4154 Vl.
711 4087 874 4172 inciperet
930 4088 1021 4150 numi
1045 4087 1277 4164 Alexandrini,
1300 4086 1389 4176 iique
1412 4086 1501 4149 obvii
1524 4073 1599 4150 dum
1623 4110 1677 4150 an·

128 4203 282 4256 exeunte
296 4189 506 4273 AugustoV
529 4187 567 4254 C.
592 4189 691 4261 toall,
722 4203 757 4252 et
788 4186 877 4272 quod
933 4188 1199 4266 noneuVll
1222 4209 1345 4272 exque
1366 4204 1577 4282 sequeretur,
1599 4211 1678 4276 quo-

127 4293 297 4379 eequitur,
330 4293 394 4355 boc
425 4289 533 4354 adhue
559 4303 710 4378 tempore
740 4289 882 4356 vixisset
933 4291 1021 4354 niam
1043 4311 1144 4352 annus
1166 4293 1192 4354 Z
1215 4290 1292 4354 duci
1312 4310 1378 4352 uon
1400 4291 1525 4376 potuit,
1552 4293 1615 4355 nisi
1636 4291 1677 4355 ab

129 4393 339 4460 Aurelianus.
380 4391 556 4462 Verentur
577 4393 681 4472 istud,
704 4414 767 4480 qua
780 4393 879 4462 ratio
935 4407 1077 4458 exeunte
1100 4381 1248 4478 Augusto
1271 4391 1408 4461 anniv.
1432 4394 1467 4456 C.
1493 4395 1592 4471 reali,
1622 4414 1678 4458 ne·

130 4515 174 4561 ne
193 4496 270 4560 huic
293 4494 399 4560 adhuc
420 4515 505 4558 anno
533 4495 715 4560 inseremus
738 4496 878 4559 interre-
933 4515 999 4581 que
1016 4496 1245 4581 Augustarum
1266 4495 1356 4557 numi
1377 4495 1441 4558 nisi
1462 4497 1537 4560 vivo
1561 4497 1678 4561 marito
1753 4495 1754 4498 ’

116 4618 235 4692 gnum
252 4597 309 4664 vt.
335 4596 515 4676 mensium,
547 4597 636 4684 qnod
665 4599 752 4664 inter
772 4598 877 4662 Aure·
933 4595 1029 4662 feriri
1059 4615 1281 4672 consuevere,
1316 4596 1529 4662 Aurelianum
1561 4599 1677 4663 saltem

130 4701 211 4772 lieni
231 4715 390 4776 mortem,
419 4713 452 4764 st
475 4700 581 4766 Taciti
608 4699 838 4767 electionem
827 4721 877 4762 rn-
931 4719 1038 4787 usque
1057 4698 1098 4770 ad
1114 4697 1237 4766 dietum
1250 4697 1391 4784 Augusti
1407 4697 1494 4764 diem
1511 4699 1613 4767 fuisse
1628 4722 1678 4765 tn·
1721 4755 1726 4762 .
