4220 5504
737 435 1064 565 uacutnvs.
1612 501 1684 586 nso

132 667 373 732 terlts'nds'care.
399 667 630 733 Vardaads'ctr'e
654 671 783 750 Vellem,
808 675 886 753 Qus·-
939 690 1013 738 rum
1040 681 1109 744 est,
1138 667 1240 734 multa
1258 687 1319 732 nos
1346 665 1387 732 ex
1402 667 1540 734 historia
1557 683 1683 748 vetera,
1733 673 1738 684 '

132 769 227 845 rttes,
240 773 317 849 jam
327 781 512 850 praesentes
529 759 906 858 essemns.‘stntontnas2
938 770 1019 834 licet
1040 782 1145 834 astate
1159 770 1301 856 dispari,
1331 783 1401 834 arta
1422 771 1534 836 critica
1552 793 1685 848 manum

132 879 242 932 cester
257 873 563 952 nobiscanys'ars'nm
577 875 884 940 minantntsdarst.
943 869 1083 936 ducente
1111 892 1209 936 nosse
1239 859 1377 948 melius,
1421 887 1456 937 et
1486 873 1685 951 adcuratius,

132 968 232 1052 Ergo
251 969 292 1032 ad
306 969 391 1032 illud
412 962 725 1057 repraesentandum
741 996 798 1041 sua
812 972 887 1037 filii·
942 993 1039 1060 quam
1054 972 1163 1036 vicino
1179 973 1239 1038 illo
1254 993 1335 1042 aeto
1352 977 1519 1058 cognitum
1537 975 1610 1039 tuit.
1647 979 1688 1042 ln
1708 975 1711 984 ’

134 1089 204 1154 que
233 1072 418 1156 praesentia
443 1073 558 1137 saltem
590 1096 652 1161 per
677 1096 886 1142 communem
942 1074 1051 1138 nuruis
1074 1073 1208 1137 Graecis
1225 1095 1322 1159 saepe
1347 1072 1597 1159 duplicaturll,
1621 1078 1686 1142 sict

135 1172 411 1238 consuetudinem
433 1189 603 1262 praetexta
621 1190 682 1243 est.
705 1171 829 1261 Tamen
846 1197 888 1242 ex
944 1164 1199 1238 osstlecloc.
1244 1175 1362 1244 Sedet
1377 1177 1495 1240 Graeci
1511 1197 1689 1264 perperam

137 1273 369 1355 praesentibus
387 1279 494 1340 numia
512 1279 633 1365 liquat,
656 1257 831 1342 indicatam
847 1279 908 1342 li·'
943 1245 1337 1363 s'cripser'el'lAllTTna
1353 1290 1386 1342 et
1398 1275 1630 1360 ΜΑΤΤιδια,
1651 1293 1690 1346 ut

135 1371 346 1438 beralitatem
376 1379 566 1444 aMacrino
594 1380 771 1465 captandae
792 1393 886 1480 certe
943 1379 1095 1446 vidimus.

136 1473 392 1540 benevolentiae
407 1499 503 1542 causa
520 1479 665 1546 etiamne
678 1481 814 1546 absente
834 1471 889 1546 oc·
974 1471 1143 1544 Saserna
1166 1481 1287 1566 passim
1303 1478 1338 1544 in
1352 1480 1479 1558 numis,
1509 1495 1543 1546 et
1567 1503 1690 1548 numan
1756 1559 1764 1571 ὁ

138 1566 303 1659 cupatant.
347 1578 462 1642 Simile
486 1581 675 1666 exemplum
697 1583 810 1648 collati
832 1583 888 1648 ab·
943 1582 1033 1646 istud
1052 1579 1224 1648 confirmat
1242 1603 1373 1668 qaoque
1390 1583 1593 1678 Capitolinus
1609 1587 1652 1666 ⁸).
1788 1567 1796 1584 ¹

137 1689 236 1738 sente
258 1678 406 1764 principe
425 1682 585 1768 congiarii
606 1685 642 1748 in
661 1685 829 1750 Hadriano
845 1683 888 1748 ad
957 1693 960 1698 '
1005 1687 1085 1748 Pius
1102 1688 1205 1748 Felix.
1225 1683 1371 1750 Hitituli
1387 1685 1542 1748 innumis
1562 1685 1690 1764 absunt,

138 1797 265 1840 annum
281 1781 324 1846 V.
346 1781 381 1843 C.
402 1781 466 1862 870
479 1783 630 1851 sidimus.
945 1783 1005 1848 sed
1029 1785 1185 1870 leguntur
1205 1786 1240 1848 in
1271 1785 1489 1850 marmoribus
1510 1787 1596 1872 apud
1620 1792 1694 1852 Mu·

209 1881 308 1943 Numi
324 1881 445 1969 reliqui
467 1883 564 1949 obvio
580 1889 792 1974 argumentata
816 1888 889 1952 Att-
945 1887 1104 1951 ratorium
1121 1884 1165 1968 Ιι).
1195 1887 1373 1952 'Consentis
1397 1889 1495 1952 etiam
1511 1890 1617 1967 Dio,
1630 1888 1694 1954 etsi

137 1979 278 2044 NONA
294 1986 450 2051 AVGoe-
466 1985 606 2050 ulnus.
625 1984 889 2058 MlLlTVM.·-
948 1985 1354 2073 depravatomisereloco
1369 1987 1641 2072 )scrs'pn'toara
1659 2013 1695 2057 ss

140 2081 252 2150 IOVl.
278 2085 634 2156 consuetarum.
655 2125 697 2141 -
718 2093 890 2168 SECVRI·
948 2093 984 2152 r'n
1010 2093 1146 2171 epistola
1172 2094 1354 2167 Caesarem,
1395 2095 1632 2171 imperatorem,
1662 2103 1696 2157 et
1796 2175 1799 2180 1

140 2181 240 2247 TAS.
258 2188 522 2259 TEMPORVM.
943 2202 1072 2272 praeter
1104 2195 1245 2259 Macrini
1272 2213 1386 2256 namen
1416 2195 1588 2280 Seuerum,
1625 2204 1694 2260 tum

840 2291 843 2300 ’
948 2296 1062 2357 errat
1085 2303 1118 2356 n
1138 2296 1339 2358 nauseant.
1373 2291 1483 2386 Quas
1500 2294 1593 2357 nuno
1617 2296 1696 2359 1000
1824 2355 1829 2362 .

282 2411 383 2476 Numi
402 2413 568 2475 commatis
584 2419 757 2499 pereprs'm‘.

849 2397 851 2404 '
896 2443 898 2447 ,
948 2392 1126 2478 putandum
1146 2394 1369 2460 testimonium
1386 2393 1579 2478 Capitolini,
1609 2415 1696 2458 asc·
1801 2445 1803 2450 .
1857 2395 1861 2403 ’
1972 2404 1978 2414 ’

949 2503 1028 2558 natu
1051 2507 1229 2588 utrumque
1250 2495 1398 2558 Macrino
1427 2494 1559 2558 titulum
1582 2493 1698 2560 decre·
1811 2535 1819 2548 ·

211 2595 351 2661 Exstant
372 2597 463 2662 numi
478 2611 544 2663 tam
567 2604 693 2664 nrbs‘nm
712 2603 893 2678 liberarum,

145 2716 245 2783 quam
264 2703 481 2779 coloniarum,
502 2699 544 2766 'at
561 2701 645 2766 nihil
660 2715 831 2788 praeterea
851 2701 892 2766 de

146 2798 188 2862 iis
202 2798 482 2886 praecipiendum.
506 2819 510 2826 ·

424 3029 620 3107 Nomine.

132 3193 137 3198 ’
213 3208 607 3302 Privatonominal'uere:
632 3216 673 3277 tt.
688 3212 896 3291 opeliumtn·

148 3317 272 3377 crinas.
294 3313 478 3398 Capitolino
487 3327 677 3377 constanter
691 3311 811 3376 dicitur
824 3315 898 3392 Opi·

146 3513 279 3598 pridie,
314 3518 444 3593 numis,
482 3499 729 3589 marmoribus,
759 3513 899 3577 auctori·

148 3615 215 3678 bus
231 3618 361 3684 coaevis
373 3617 569 3680 unanimiter
585 3621 748 3698 Opellnm,
772 3628 805 3678 et
821 3618 902 3676 Dr'n·

149 3721 380 3782 anmantannn
390 3717 647 3782 enuntiantibus.
670 3719 714 3782 Et
730 3729 839 3780 tamen
850 3711 900 3778 su·

150 3819 232 3881 tiles
247 3819 282 3882 hi
300 3819 480 3903 scriptores
496 3833 634 3922 propter
650 3817 836 3902 temporum
855 3817 901 3880 ri·

151 3918 275 3982 ciniarn
308 3917 514 3983 abundabant
544 3915 783 3995 monumentis,
822 3937 902 4004 quo-

150 4041 229 4084 rnm
244 4018 340 4085 nobis
357 4041 430 4087 rara
447 4019 563 4088 messis
581 4020 708 4086 relicta.
719 4002 830 4084 Adeo
849 4037 899 4104 ve·

949 2609 1019 2659 tunt
1043 2595 1245 2674 adserentis,
1278 2596 1337 2658 sed
1362 2593 1402 2658 ab
1434 2595 1498 2660 hoc
1524 2599 1703 2694 receptum'

951 2711 1074 2758 tantum
1100 2715 1220 2758 nomen
1247 2700 1364 2760 Felicts
1389 2697 1562 2781 repudiata
1584 2699 1639 2760 Pis'
1653 2695 1697 2776 d).

951 2799 1107 2867 Voluisse
1139 2783 1313 2884 praeterea
1338 2802 1538 2864 Antoninum
1568 2818 1624 2878 se,
1665 2810 1701 2863 et
1800 2855 1803 2861 .

952 2901 1150 2964 Pertinacem
1173 2900 1303 2975 vocari,
1333 2899 1421 2962 idem
1445 2918 1577 2986 quoque
1597 2891 1701 2984 histo·

951 2999 1042 3064 ricus
1061 3013 1173 3064 tuetur
1188 3001 1237 3082 ⁰),
1259 2999 1316 3064 alii
1331 3001 1492 3085 ignorant.

953 3225 1000 3286 De
1030 3223 1170 3286 Meers'ns'
1192 3222 1266 3286 att.
1290 3231 1461 3318 potestate,
1475 3217 1524 3286 'et
1543 3222 1702 3292 mentula*

1278 3325 1375 3387 tibus.

21 3465 24 3470 ,
147 3417 232 3486 lint,
261 3423 299 3500 ut
320 3427 354 3476 et
369 3412 457 3478 filius
477 3413 547 3498 ejus
567 3419 785 3478 Diadumenus
802 3415 898 3474 Lam·
1005 3428 1013 3442 ·

1018 3509 1070 3570 De
1101 3505 1178 3573 trib.
1209 3505 1279 3590 ejus
1309 3519 1472 3591 potestate
1502 3523 1636 3589 agemus
1668 3506 1705 3570 in

956 3621 1097 3674 tractatu
1119 3607 1333 3694 singulariae
1356 3610 1417 3678 hac
1433 3593 1607 3693 dignitate,
1638 3627 1704 3691 quo

957 3711 1033 3775 loco
1051 3707 1287 3794 explicabimus
1308 3709 1423 3786 etiam,
1446 3729 1511 3794 quo
1535 3706 1633 3770 medo
1653 3729 1705 3782 ac·

957 3809 1102 3894 cipicndi
1135 3810 1200 3872 sint
1226 3808 1373 3894 duplices
1408 3807 1612 3885 consulatus,
1648 3807 1705 3893 qui

945 3913 1047 3975 intra
1064 3909 1332 3974 eundemannum
1346 3911 1506 3975 lulianum
1523 3907 1707 3982 inuscrini

961 4027 1091 4079 moneta
1111 4009 1335 4080 obsecrantur.
1615 3999 1616 4004 ’

144 4497 1696 4540 Μ

147 4703 151 4712 «
194 4645 386 4735 niallam.
406 4673 475 4724 c..2
491 4669 563 4724 ets.
658 4659 694 4734 b)
714 4657 785 4734 Peg.
801 4664 863 4731 459
885 4668 909 4714 t
930 4665 960 4713 rt
980 4662 1059 4728 ιςιοό
1081 4663 1107 4717 7
1201 4646 1285 4726 c)L.
1306 4645 1468 4714 Lxxvtlt.
1490 4651 1532 4715 16
1623 4646 1708 4723 d)in

157 4755 251 4814 Macr.
271 4773 295 4812 c.
314 4764 342 4818 5.
432 4749 515 4826 e)1n
527 4750 616 4811 Macr
637 4769 663 4809 c.
682 4760 710 4810 7.
730 4757 801 4810 atu
