4224 5506
428 483 472 565 aa
608 507 615 524 ·
897 417 1482 556 aatfs‘nnn'rvnmn
1520 523 1523 530 ·

387 693 390 698 ¹
489 637 612 730 Numer
620 667 747 728 Aurelii
759 655 873 728 aorem
877 668 1017 746 primum
1034 668 1214 740 abundare,
1236 683 1344 726 aarum
1357 667 1473 726 deinde
1488 683 1653 729 mmmm
1671 671 1790 730 ammas
1800 673 1920 742 minui,
1943 685 1974 732 et

423 771 574 830 extremis
583 773 653 846 m'm
662 769 757 830 annia
766 769 838 846 sere
853 771 983 848 deficere
1001 770 1190 844 experimur.
1225 769 1322 839 Vide,
1345 785 1427 848 quae
1437 768 1477 828 do
1491 769 1553 827 hac
1564 771 1720 844 periurare·
1735 772 1973 834 observabimus

425 873 460 932 a'a
476 871 582 932 namin
595 871 941 946 Faustinaejuniorr'a,
963 879 995 930 at
1011 870 1068 930 sub
1081 871 1177 948 finam
1191 887 1356 929 numerum
1364 869 1534 930 Commoda

721 969 881 1053 Argentei
899 1011 1175 1033 ......

724 1069 929 1134 Aeneimax.
947 1065 1067 1130 mod..
1112 1113 1122 1133 .
1166 1113 1175 1131 .

721 1170 827 1234 Aenei
848 1171 873 1234 l.
897 1184 930 1233 et
953 1173 993 1232 11.
1014 1171 1141 1234 formae
1167 1213 1176 1232 .

721 1273 827 1335 Aenel
849 1275 904 1336 111.
927 1271 1055 1335 formae
1111 1317 1121 1336 .
1165 1316 1175 1335 .

621 1379 793 1438 commatis
811 1378 987 1454 peregrinis

1217 1009 1654 1032 .........
1699 970 1738 1032 C.

1219 1107 1655 1132 .........
1697 1072 1768 1133 BR.

1218 1211 1657 1235 .........
1702 1173 1740 1235 C.

1218 1313 1658 1336 .........
1702 1272 1745 1337 0.

719 1475 878 1558 Argentei
897 1473 1028 1535 urbium
1047 1475 1247 1538 Graecarum
1270 1509 1492 1537 .....
1646 1517 1654 1534 .
1696 1475 1768 1539 BR.

718 1576 824 1640 Aenoi
841 1575 950 1639 variae
964 1574 1121 1638 formae.
1163 1618 1172 1637 .

720 1677 931 1740 Coloniarum
943 1717 1167 1740 .....

718 1777 931 1840 Alexandrini
949 1817 1171 1842 .....

1218 1612 1650 1639 .........
1696 1578 1732 1640 C.

1212 1714 1648 1741 .........
1694 1680 1730 1742 C.

1216 1819 1651 1844 .........
1697 1777 1735 1842 C.

931 2089 1220 2152 FAVSTINA
1264 2085 1465 2152 JVIt’loa.

481 2289 586 2352 Annia
612 2287 765 2367 Faustina
789 2300 863 2349 nata
886 2298 979 2370 patra
1000 2281 1164 2348 Antonino

418 2392 478 2454 Pio
496 2393 600 2476 Aug„
629 2403 733 2453 matre
750 2387 882 2452 Galeria
901 2387 1053 2449 Faustina
1080 2389 1163 2470 Aug.

417 2513 501 2555 anno
527 2493 663 2555 incerto.
704 2489 847 2558 Volents
875 2487 1040 2550 Hadriano
1066 2487 1164 2551 desti·

416 2607 489 2655 nata
513 2593 575 2662 {uit
606 2594 643 2654 [a.
662 2591 769 2666 Vero,
801 2588 860 2652 sed
886 2609 956 2650 eam
980 2591 1161 2651 Antoninus

416 2707 490 2776 post
508 2691 665 2768 Hadriani
682 2705 821 2752 mortem
836 2703 974 2774 propter
983 2691 1065 2756 Veri
1078 2705 1163 2753 aeta·

415 2809 483 2858 tem
510 2796 712 2856 immaturam
730 2795 774 2852 M.
787 2791 923 2854 Aurelio
944 2811 1080 2854 uxorem
1108 2789 1163 2852 de·

417 2895 465 2958 dit
480 2896 629 2980 perlecto
650 2895 774 2976 aliquot
795 2891 872 2954 inde
891 2891 981 2954 annis
999 2893 1162 2960 matrimo-

416 3001 481 3060 nio.
514 2999 678 3080 Augustae
692 2995 787 3055 titulo
804 2992 904 3055 luisse
914 2994 1111 3070 decoratam,
1128 3007 1161 3055 et

416 3098 548 3183 quidem
567 3096 683 3157 marito
708 3094 814 3157 adhue
831 3095 990 3169 Caesare,
1013 3095 1097 3156 infra
1117 3117 1157 3158 ex

416 3199 523 3260 numia
543 3183 838 3278 comprobabimus.
880 3197 1032 3284 Maritum
1058 3195 1159 3276 inSy-

419 3301 500 3360 riam
524 3309 708 3380 consectata
736 3296 769 3356 in
791 3295 908 3357 itinere
941 3295 1025 3381 apud
1043 3299 1159 3360 Halala

415 3401 522 3464 vicum
550 3401 658 3459 Tauro
681 3395 819 3458 adsitum
852 3396 967 3459 morbo
999 3399 1158 3462 exstincta

414 3514 464 3562 est
481 3501 523 3566 V.
542 3501 577 3562 C.
594 3495 665 3578 928.
697 3497 832 3558 Femina
851 3496 930 3574 luit,
963 3499 989 3562 si
1015 3522 1077 3584 qua
1101 3521 1159 3561 un·

413 3623 526 3686 quant,
565 3597 900 3675 animabantur,
930 3621 968 3662 ae
1001 3597 1156 3672 libidinis,

412 3701 545 3786 indigna
574 3713 686 3788 patre,
716 3713 749 3761 et
775 3699 912 3775 marito,
944 3719 1026 3784 quos
1052 3700 1158 3762 omnis

414 3817 501 3866 aetas
527 3803 628 3886 ipsam
646 3802 810 3866 Virtutem
838 3801 930 3866 dirit.
958 3801 1057 3868 Vsam
1083 3821 1157 3884 pro·

412 3905 536 3967 miscuo
561 3901 812 3988 gladiatoribus,
845 3903 968 3976 nautis,
1000 3915 1033 3963 et
1055 3901 1081 3961 si
1101 3899 1156 3984 qui

414 4019 489 4066 sunt
509 4005 559 4065 his
570 4004 724 4076 viliores,
747 4003 884 4080 historia
901 4001 1022 4085 prodit,
1045 4016 1078 4064 et
1096 4001 1158 4062 suit

412 4124 450 4165 ea
467 4119 570 4166 aetate
599 4125 712 4167 rumor
739 4117 911 4176 constans,
933 4101 1038 4184 ipsum
1062 4101 1158 4164 Com·

414 4204 546 4266 modum
570 4224 611 4266 ex
634 4181 814 4288 gladiatore
837 4209 1042 4285 conceptum.
1081 4203 1158 4264 Cre·

414 4303 551 4363 debatur
568 4305 666 4364 etiam
692 4307 730 4368 L.
743 4308 832 4370 Vero
860 4325 955 4365 causa
972 4303 1086 4365 mortis
1107 4323 1158 4364 su·

414 4401 501 4464 bitae
533 4403 731 4476 exstitisse„
755 4419 788 4465 et
827 4404 990 4486 particeps
1027 4424 1157 4487 quoqne

1223 2283 1437 2348 consiliorum
1455 2285 1565 2350 Avidii
1574 2285 1679 2349 Cassii
1694 2285 1853 2351 adversus
1873 2291 1967 2352 mari·

1221 2397 1289 2447 turn
1316 2385 1541 2471 conspirantis.
1580 2387 1721 2472 Vulgata
1746 2391 1829 2454 baeo
1856 2393 1968 2454 uxoris

1221 2475 1384 2550 dedecora
1414 2501 1478 2549 tam
1506 2489 1619 2570 partim
1641 2510 1775 2552 morere
1798 2492 1968 2564 maritum,

1221 2601 1256 2648 ut
1270 2589 1367 2686 etiam
1387 2588 1444 2662 iis,
1469 2589 1524 2672 qni
1543 2603 1694 2652 auctores
1717 2589 1828 2667 fuere,
1853 2609 1890 2656 ut
1910 2593 1970 2656 sal-

1221 2701 1288 2750 tem
1306 2689 1512 2771 repudiaret,
1535 2689 1563 2750 si
1581 2691 1735 2755 occidere
1758 2711 1830 2754 eam
1849 2695 1966 2769 nollet,

1220 2789 1453 2871 responderet:
1466 2794 1502 2852 'ai
1517 2813 1650 2855 uxorem
1667 2798 1878 2870 dimittimur,
1901 2802 1970 2858 red-

1219 2895 1495 2968 dementationem,
1518 2893 1691 2977 imperium
1706 2895 1843 2959 scilicet.
1872 2897 1968 2958 Ferri

1218 2989 1460 3096 quodammodo
1483 3007 1613 3077 poterat
1639 3015 1677 3058 ea
1700 2995 1904 3081 indulgentia
1921 3011 1969 3059 ut-

1218 3113 1346 3176 eunque
1370 3106 1464 3156 atrox
1497 3109 1531 3157 et
1562 3095 1762 3174 inconsulta,
1801 3096 1866 3156 nisi
1898 3115 1968 3158 eam

1217 3205 1377 3255 mortuam
1401 3193 1547 3258 lleriaset
1571 3197 1686 3272 etiarn,
1716 3211 1749 3259 et
1771 3201 1862 3259 omni
1887 3197 1967 3258 inla-

1217 3295 1281 3356 mia
1312 3295 1564 3360 contaminatam
1589 3299 1732 3360 coneilio
1756 3299 1895 3361 deorum
1920 3295 1967 3358 im

1216 3396 1367 3472 tulisset,
1389 3409 1425 3458 ut
1442 3399 1555 3480 paullo
1571 3412 1645 3482 post
1663 3397 1967 3468 videbimus.-Vide

1217 3497 1457 3584 Capitolinum,
1479 3499 1640 3576 Dionem,
1664 3501 1849 3568 Victorem.

1255 3603 1260 3611 '
1279 3598 1394 3660 Liberi
1414 3601 1516 3660 arbi.
1536 3600 1683 3668 naratio.

1280 3701 1417 3762 Praeter
1429 3703 1558 3762 Vibium
1567 3706 1734 3765 Aureliam
1743 3705 1916 3777 Sabinam,
1935 3717 1966 3764 et

1215 3803 1393 3876 Fadillam,
1417 3821 1496 3884 quas
1515 3805 1966 3865 memorantmarmoraGrn·

1216 3901 1278 3962 teri
1301 3901 1329 3977 ¹)
1352 3914 1385 3962 et
1414 3904 1588 3964 Muratorii
1611 3900 1663 3984 1’),
1692 3905 1771 3966 item
1792 3907 1966 3966 Domitiam

1214 4003 1421 4077 Faustinam,
1441 4002 1588 4088 aliosque
1597 4005 1866 4088 ignotinominis,
1883 4023 1965 4088 quos

1215 4122 1257 4162 er
1272 4101 1459 4164 auctoribus
1473 4104 1641 4168 veteribus
1653 4123 1854 4185 congessere
1865 4105 1966 4168 Tille-

1215 4201 1405 4282 montinac),
1424 4217 1455 4264 et
1466 4205 1585 4287 Pagius
1595 4209 1639 4286 a),
1657 4206 1863 4269 memorandi
1873 4221 1965 4268 sunta

1280 4308 1419 4378 Lucilla,
1452 4318 1551 4387 nupta
1577 4309 1615 4371 L.
1632 4310 1740 4386 Vero,
1765 4308 1808 4370 de
1831 4331 1897 4393 qua
1921 4311 1968 4370 in·
2073 4339 2076 4350 ·

1215 4403 1265 4468 fra
1280 4405 1314 4466 in
1332 4409 1438 4471 numia
1455 4409 1607 4493 propriis.

468 4633 499 4701 a)
517 4631 706 4704 ragusea.
790 4631 825 4700 b)
843 4632 911 4710 Pag.
930 4601 1036 4698 mi&
1059 4647 1162 4708 ot590.
1182 4645 1209 4696 la.
1299 4641 1329 4710 c)
1351 4639 1381 4696 in
1395 4641 1517 4698 Aurelio
1542 4664 1608 4719 pag.
1627 4665 1663 4699 nr.
1685 4643 1748 4718 694.
1835 4629 1966 4720 d)⁴Crit.

299 4715 304 4726 '
397 4721 518 4783 ‚baron
532 4715 584 4810 ¹ad
602 4738 668 4773 ann.
686 4719 753 4773 Chr.
773 4729 833 4780 180.
