4186 5492
1625 195 1636 228 J

612 435 799 524 ιιιιιιι
831 437 1151 554 ssvsrms.
1416 519 1418 522 .
1591 432 1661 536 ιιι

113 631 179 694 sed
195 629 298 692 ollem
315 634 450 707 postea,
481 633 515 692 et
541 627 617 690 lino
640 629 742 692 attam
769 637 866 714 atque
904 626 1000 698 iude
1017 647 1055 724 uc
1077 625 1223 746 priores,
1244 641 1279 696 et
1301 575 1404 696 luisse
1420 632 1662 702 matrimonium

111 733 356 802 attendisset,
380 747 420 788 ac
445 731 806 792 desudereduts'temm
822 734 868 792 ad
921 731 1095 816 perexigui
1126 731 1301 816 temporis,
1331 724 1449 818 probat
1473 758 1539 800 non
1564 737 1663 802 modo

68 835 73 846 '
114 835 282 895 Seuerum.
290 827 712 911 ΒιιιίιιιιοΗιιοᾶὶιιιιιιη)
730 835 866 893 sedeam
906 829 1067 922 paucitas
1086 830 1361 916 ejusnumorum,
1383 835 1440 900 sed
1461 819 1557 900 etism
1575 835 1664 925 quod

96 955 243 1020 ‚quoquae
262 930 457 1016 (Aquiliam)
476 951 552 994 mou
569 935 753 1012 repudiauit
769 936 865 994 tertia
922 931 1142 1019 Elagabalus
1134 947 1218 996 intro
1233 935 1397 1000 modicum
1407 951 1551 1022 tempus
1575 941 1664 1026 quod

112 1042 217 1099 ducta
229 1053 348 1108 uxore,
371 1051 454 1116 quae
468 1036 586 1113 referre
598 1053 701 1114 qenes
715 1054 807 1096 suum
823 1037 870 1094 ud
922 1031 1010 1102 intes
1026 1033 1084 1096 has
1100 1035 1228 1118 nuptias
1248 1049 1280 1098 et
1305 1027 1444 1102 montem
1468 1039 1665 1118 intercessit,

116 1138 320 1200 Commodum
337 1137 512 1198 dicebatur.
535 1136 587 1198 Ex
602 1133 655 1196 bus
670 1134 865 1207 testimoniis
923 1136 1002 1198 elias
1030 1133 1136 1199 adhuc
1162 1157 1283 1200 uxores
1318 1138 1428 1215 duxit,
1460 1161 1497 1204 sc
1523 1139 1665 1228 denique

102 1231 239 1324 confit,
260 1235 400 1300 Anniam
423 1236 628 1313 Faustinam,
652 1258 747 1322 quum
774 1236 866 1300 numi
924 1257 1016 1302 suam
1036 1236 1155 1298 iterum
1183 1239 1343 1324 Aquilium
1369 1243 1538 1324 respexit,
1564 1257 1600 1305 ut
1624 1263 1667 1308 ex

115 1340 292 1424 Elagsbuli
317 1358 455 1402 uxorem
479 1337 699 1413 constituunt,
728 1337 866 1403 eandem
922 1336 1033 1399 Dione
1051 1336 1232 1402 docuimus.
1262 1343 1310 1402 Es
1327 1343 1395 1404 sola
1411 1363 1451 1404 ex
1471 1343 1601 1410 coaevis
1619 1341 1668 1408 se·

116 1459 193 1534 esse
220 1461 295 1506 cum
319 1459 496 1522 anonyma,
533 1459 629 1522 quam
652 1439 743 1502 citati
766 1440 868 1524 scrip·
923 1439 1020 1500 minis
1044 1440 1208 1555 Augustis
1221 1445 1378 1505 arcessito
1407 1445 1509 1506 Iuliae
1533 1445 1666 1508 nomine
1707 1467 1721 1488 ⁷

117 1556 212 1605 tores
245 1547 305 1607 Mc
315 1541 483 1606 Antonini
495 1554 646 1627 neptem,
675 1554 747 1616 aut,
778 1538 866 1626 quod
924 1539 1099 1614 abstinuit,
1130 1539 1284 1604 nimitum
1312 1545 1365 1606 oui
1399 1566 1480 1628 opus
1510 1568 1576 1608 non
1603 1545 1666 1609 suit

117 1625 260 1737 perinde
283 1656 351 1718 est,
372 1640 501 1706 seleuse
527 1660 639 1724 genus
652 1641 694 1704 ad
716 1643 868 1706 Commo·
923 1640 1065 1702 alienum
1085 1641 1190 1722 gentis
1213 1642 1504 1722 decussll’ectaue,
1528 1667 1668 1710 cumsa-

118 1745 200 1808 dum
225 1743 349 1808 dixere.
379 1747 461 1806 Nam
488 1756 662 1826 utrumque
681 1741 779 1826 hujus
802 1747 867 1806 Au
923 1741 965 1802 ιιι
982 1762 1042 1825 peu
1061 1755 1192 1832 gentem
1213 1743 1370 1820 Annium,
1394 1745 1486 1827 eujus
1515 1747 1666 1812 surculus

122 1859 238 1930 gustas
252 1863 373 1906 nomeu
398 1863 440 1906 ox
462 1843 566 1905 Manus
581 1842 703 1906 familia
718 1855 790 1922 est,
811 1844 867 1930 qui
922 1839 1008 1920 fuit,
1030 1841 1545 1924 seuobilitstumexistimaverit.
1588 1901 1594 1912 .

120 1965 163 2007 ex
191 1959 291 2028 geute
308 1943 414 2007 Annis
436 1943 593 2008 oriundus
612 1943 693 2020 luit,
715 1965 867 2008 uxorem-

119 2065 186 2130 que
217 2045 403 2108 Faustinsm
434 2045 568 2119 babuit,
596 2063 638 2106 ex
668 2045 785 2130 quibua
811 2069 867 2109 na·
1222 2070 1368 2130 Num,
1485 2065 1488 2072 '

120 2161 173 2211 tae
197 2161 331 2232 neptes,
362 2159 396 2208 et
423 2146 580 2230 abneptes
605 2157 781 2232 utrumque
810 2165 867 2209 uo·

120 2268 200 2310 men
225 2247 404 2330 collegere.
436 2249 521 2310 Sene
537 2260 570 2310 et
586 2246 697 2315 Iuniae
718 2248 865 2312 Fadillue
986 2246 1157 2312 Rarissimi
1173 2262 1247 2310 sunt
1261 2249 1359 2332 hujus
1375 2251 1548 2356 Fspstinae
1565 2253 1666 2314 numi.

118 2348 293 2434 proneptis
330 2335 505 2426 Antonini,
529 2361 635 2432 'quae
672 2347 866 2434 desponsata
926 2347 1037 2442 Quare
1062 2369 1182 2436 operae
1199 2351 1493 2435 pretium'fecero'
1516 2349 1562 2427 si,
1585 2374 1667 2438 quos

118 2451 186 2514 fuit
215 2449 358 2512 Maximo
382 2449 533 2528 Caesari,
564 2449 713 2512 meminit
739 2452 867 2534 Cupito·
923 2449 994 2534 ipse
1019 2450 1101 2524 vidi,
1130 2464 1165 2514 et
1195 2452 1352 2534 probati,
1382 2468 1438 2518 aut
1469 2453 1509 2516 ub
1538 2453 1667 2517 idoneis

120 2553 211 2615 linus
243 2547 287 2631 b.)
331 2551 522 2640 Suspicatus·
547 2550 736 2648 Fabricius,
763 2551 866 2617 fuisse
923 2550 1140 2636 praeconibus
1156 2555 1381 2670 promulgatos
1403 2548 1497 2632 novi,
1523 2549 1669 2638 descrip-

119 2651 207 2717 bauc
225 2635 410 2715 Faustinum
424 2652 574 2715 Lucillse
591 2649 692 2715 filium
715 2671 757 2715 ex
773 2653 868 2716 Clau
924 2671 1020 2726 sero,
1050 2655 1201 2736 sepositis
1224 2655 1258 2715 in
1284 2668 1467 2740 separatum
1491 2653 1665 2720 articulum

122 2753 180 2816 dio
207 2753 408 2838 Pompejano
442 2754 574 2820 altero
572 2753 652 2836 ejus
683 2754 801 2818 morito
825 2755 866 2833 eJ.
922 2749 1032 2828 islsis,
1054 2753 1197 2836 sutjuue
1218 2757 1387 2839 suspectis.
1777 2803 1778 2812 ,

119 2855 263 2924 ΑιιιιιΙΙι
278 2854 366 2917 istud
375 2875 446 2918 vera
456 2875 566 2940 speeie
577 2854 749 2937 conjectet·
766 2858 867 2920 Caeso
925 2897 928 2906 ·
1065 2856 1210 2921 ANNIA.
1228 2855 1461 2928 FAVS'llNA.
1477 2854 1577 2926 AVG.
1599 2860 1668 2922 Htt·
1689 2929 1695 2936 ¹

120 2969 174 3018 est
187 2955 419 3024 LucillsVC
438 2955 511 3038 qdb.
534 2959 634 3032 Esto,
654 2958 793 3022 Anniam
810 2979 868 3022 no·
966 3014 969 3024 .
1057 2961 1241 3042 juscuput.
1433 2946 1453 2956 '¹

121 3070 222 3122 stram
229 3071 412 3160 postremo
435 3057 499 3124 boc
519 3080 604 3158 suno
627 3073 734 3122 natum
753 3057 866 3136 fuisse,
923 3055 1194 3130 eonconnlt.
1235 3063 1411 3140 Imperator
1431 3069 1560 3140 topatus
1576 3071 1666 3122 stass

101 3179 208 3244 ‚anno
226 3158 268 3224 V
285 3159 321 3222 C
347 3167 429 3244 q74,
452 3181 518 3248 quo
535 3179 608 3224 eam
624 3159 767 3244 junctam
792 3181 867 3224 cum
920 3165 1088 3234 muletam
1111 3182 1183 3224 cum
1202 3165 1350 3226 adstante
1366 3163 1524 3226 Faustina
1541 3163 1665 3270 junps’t,

120 3257 304 3342 Elsgsbalo
328 3259 496 3340 dicemus,
527 3264 732 3348 egituunum
753 3261 867 3326 setutis
923 3265 961 3324 s‘n
977 3271 1201 3326 oreaastmm.
1222 3263 1292 3328 AR.

121 3355 303 3429 xxxvto.
345 3363 398 3426 An
419 3365 622 3442 uerisimile,
653 3359 868 3448 Elagabalum
986 3363 1130 3426 Numum
1161 3363 1248 3428 hunc
1272 3359 1475 3428 Baldiuus
1464 3383 1500 3426 ιιι
1520 3363 1667 3426 Romans

123 3461 242 3526 decem
262 3476 297 3528 et
319 3477 445 3547 septem
472 3481 542 3532 tum
561 3486 662 3530 anuos
685 3460 795 3529 ustum
814 3487 869 3550 ap·
924 3463 1092 3532 Vaillautii
1106 3463 1252 3528 editione
1274 3484 1315 3526 ex
1330 3483 1446 3528 museo
1461 3461 1585 3528 abbatis
1600 3465 1667 3534 Ro·

104 3632 107 3642 ,
119 3563 258 3650 petiisse
284 3565 458 3657 mulierem
484 3567 559 3646 ejus
581 3569 713 3645 aetatis,
736 3580 791 3628 sut
816 3565 868 3628 illi
925 3563 1050 3640 theliu,
1071 3584 1160 3626 nunc
1174 3563 1265 3650 regis
1279 3564 1528 3648 Hispaniarum,
1548 3559 1666 3648 refert,

120 3665 183 3730 hac
214 3665 322 3730 adhuc
351 3682 458 3732 setste
486 3669 661 3732 illecebras
683 3665 868 3735 constitisse
924 3683 1066 3750 eumque
1092 3662 1240 3741 unicum,
1272 3677 1305 3726 et
1328 3664 1538 3758 singularem·
1557 3676 1666 3741 vocat,

122 3765 327 3832 adolescenti
360 3769 553 3848 damnosus,
590 3789 735 3856 quasque
767 3769 801 3830 iu
829 3789 868 3834 ea
925 3786 1015 3830 cum
1025 3785 1090 3848 quo
1111 3763 1274 3828 consentit
1302 3765 1344 3832 cl.
1365 3763 1526 3828 Beuuvsis
1550 3761 1598 3844 ἀ),
1629 3777 1666 3827 et

120 3867 293 3952 praedicat
309 3869 401 3938 Dio?
421 3871 572 3940 Verius
561 3872 671 3962 igitur
687 3868 868 3934 luitllarei
923 3867 1100 3948 Belleyus,
1120 3887 1179 3952 qus
1170 3863 1340 3928 eundem
1361 3885 1496 3928 numum
1513 3862 1595 3926 vidit
1612 3863 1668 3927 ad·

125 3987 169 4033 ex
198 3969 297 4053 hujus
325 3969 474 4034 filiorum
498 3993 561 4034 una
591 3970 762 4054 abneptis,
793 3991 868 4033 nem
923 3967 1158 4052 probavitque,
1179 3979 1217 4032 ut
1237 3980 1376 4032 testatur
1391 3966 1463 4052 ipse
1482 3963 1517 4026 iu
1537 3961 1667 4028 laudsts

122 4067 290 4158 ἅπαγοιος,
312 4093 375 4158 qus
397 4092 481 4141 vooe
504 4076 608 4138 utitur
631 4073 715 4148 Dio,
737 4073 772 4156 iq
797 4071 869 4155 plu·
925 4068 1168 4154 dissertatione.

122 4191 180 4236 res
195 4174 424 4258 generationes
433 4175 624 4261 porrigitur.
645 4173 785 4237 Doctum
796 4193 891 4244 eam¹
1037 4227 1039 4232 .
1203 4213 1224 4254 4,
1286 4168 1307 4208 *
1369 4211 1389 4250 0

122 4275 164 4346 V.
197 4275 240 4368 ⁰1
262 4260 343 4368 (274,
375 4274 462 4348 iuius
490 4295 533 4340 ex
560 4273 679 4346 uumis·
699 4274 869 4341 commutis
1065 4267 1669 4362 sunto..FAvsn1uts.st.c‹s·

122 4374 296 4476 peregrini
316 4376 570 4475 probabimus
567 4377 770 4468 ¹Repudiato
793 4395 869 4464 per·
1056 4387 1123 4460 pot
1134 4376 1316 4438 Faustinae
1323 4375 1419 4438 lunae
1433 4375 1625 4457 intpositum.

119 4533 1662 4566 w

124 4712 161 4772 ab
158 4627 192 4696 ι)
208 4623 382 4774 ἑαῑὲιςιιιι.
491 4623 527 4698 bJ
546 4621 729 4682 iubl'uuimo
839 4623 870 4694 o)
885 4617 1012 4682 Nouus
1031 4613 1072 4678 sd
1085 4615 1194 4682 Diouis
1210 4615 1277 4677 libr.
1295 4613 1427 4677 Lxxtx.
1537 4610 1574 4690 (l)
1590 4610 1666 4676 nist.

164 4733 188 4772 r.
231 4732 261 4772 es
305 4733 367 4790 mp.
