4178 5486
660 477 1105 573 TREBONIANV&

113 659 373 735 eatsubsidiuru,
394 679 469 727 nam
484 639 583 726 facile
599 675 666 738 est,
689 663 772 727 banc
790 683 862 726 seu·

109 765 248 840 tentiam
279 783 319 826 ex
349 763 431 848 ipsis
460 763 559 828 etiam
582 764 725 828 Gallieni
753 765 862 829 numia

47 895 50 902 ·
111 879 278 932 evertere.
312 863 406 928 Adeo
424 864 512 928 euim
534 864 586 926 illi
608 865 777 930 erroribus
793 888 862 930 ωο-

111 967 316 1032 uetariorum
346 978 489 1041 scatent,
524 981 561 1028 ut
588 987 684 1051 quam
707 967 763 1028 alii
790 987 862 1030 sen·

114 1069 249 1133 tentiam
286 1067 402 1152 juvare
432 1058 602 1144 uidentur,
640 1067 697 1130 alii
728 1089 860 1132 rursum

109 1183 323 1256 pervertant,
343 1165 432 1254 quod
456 1168 512 1252 qui
535 1167 673 1231 eredere
701 1170 860 1247 uoluerit,

111 1271 142 1334 is
161 1290 283 1355 quaeso
310 1289 352 1332 ex
378 1267 584 1332 Mediobarbi
613 1271 862 1356 catalogoGal·

112 1361 197 1436 lieni
213 1392 330 1436 numos
344 1371 378 1432 in
395 1392 452 1434 sua
470 1390 619 1457 quosque
638 1385 787 1456 tempora
802 1373 861 1435 tri·

113 1473 204 1538 lauat.
481 1549 485 1556 ‚
613 1527 616 1534 ,
660 1547 665 1556 .
815 1539 820 1557 ‚

122 1647 127 1658 ,
178 1575 303 1640 Verum
322 1588 355 1638 et
372 1573 528 1639 aduersae
543 1575 662 1659 partis,
684 1562 865 1658 quae'dre‘·

114 1673 250 1758 boniani
266 1695 383 1740 necem
401 1675 439 1738 ad
456 1697 574 1740 annum
583 1679 623 1746 V.
634 1677 670 1740 C.
687 1694 766 1756 ¹0⁹7
785 1695 862 1740 eun·

116 1777 239 1856 stituit,
261 1790 452 1860 argumenta
468 1777 582 1840 audire
597 1777 698 1860 juvat.
754 1838 759 1846 .

180 1879 247 1938 lam
267 1877 353 1942 istud
375 1879 516 1962 primum
545 1899 586 1942 ex
612 1879 719 1946 narnis
741 1877 864 1962 evinci·

115 1991 188 2062 tur,
212 1978 415 2042 Treboniani
431 1981 604 2064 imperium
626 1979 704 2042 satis
730 1980 796 2042 late
814 1977 865 2040 ul·

116 2093 170 2144 tra
194 2083 377 2162 Augustum
408 2081 487 2144 anni
517 2081 597 2144 roob
621 2079 864 2144 extendendum

117 2200 203 2249 esse.
226 2183 364 2246 Exstant
374 2181 465 2244 numi
474 2180 687 2244 Alexandrini
703 2196 769 2246 tatu
784 2183 865 2242 'l're-

117 2281 273 2358 boniaui,
296 2303 394 2370 quam·
409 2282 581 2350 Volusiani
602 2283 751 2368 inscripti
768 2283 806 2343 L.
824 2275 864 2343 Γ.
888 2359 890 2367 .

117 2387 331 2449 Cum-annus
358 2384 559 2447 Treboniani
581 2385 610 2448 A
634 2383 781 2468 coeperit
810 2402 864 2444 ex·

118 2500 219 2550 eunte
246 2484 428 2548 Novembri
456 2487 497 2553 V.
521 2487 556 2548 C.
589 2493 686 2562 root,
705 2485 769 2550 ,vel
800 2481 864 2564 ipsi

117 2585 299 2651 aduersarii
322 2584 464 2662 dabunt,
501 2606 543 2650 ex
567 2585 863 2650 Alexandrinorum

118 2687 251 2752 calculo
271 2705 392 2748 annum
414 2681 443 2746 Γ
464 2687 611 2772 incipere
633 2687 786 2750 debuisse
800 2684 864 2746 ‹dia

117 2789 239 2854 xxtx.
259 2785 400 2870 Augusti
422 2789 497 2850 enni
523 2789 621 2864 rocla,
645 2806 785 2871 eumque
806 2807 866 2846 nu·

117 2912 248 2958 morum
266 2889 312 2952 sic
325 2887 556 2972 inscriptorum
574 2911 691 2972 magna
704 2888 798 2970 copia
814 2907 867 2948 su·

117 2993 241 3080 parsit,
263 3008 399 3052 necesse
418 2993 485 3066 est,
509 2991 640 3076 longius
659 2989 764 3052 adhuc
783 2987 865 3048 t‘em·

119 3115 181 3178 pua
204 3092 280 3156 iude
304 3118 322 3158 a
344 3095 433 3158 dicto
463 3089 518 3166 die
538 3091 718 3176 imperasse
741 3088 866 3152 Tralle-

120 3198 266 3262 nianum.
307 3197 354 3261 Hi
383 3214 464 3278 ergo
492 3191 583 3254 nurui
613 3188 772 3273 adfligunt
793 3208 867 3250 sen·

118 3299 258 3377 tentiam
297 3295 523 3369 l'illemontii,
554 3293 664 3376 Pagii,
694 3289 866 3368 Bandurii,

120 3399 345 3484 aliorumque,
383 3395 438 3480 qui
470 3393 713 3470 Trebonianum
753 3410 890 3454 mense·

121 3503 212 3564 Maio
238 3513 293 3562 aut
316 3497 409 3562 Iunio
432 3494 508 3560 anui
536 3493 616 3556 roob
649 3511 780 3556 caesum
804 3506 868 3556 ste·

120 3616 229 3666 ruera.
356 3663 363 3676 ,
511 3667 516 3677 ,

134 3777 139 3784 ,
186 3699 417 3766 Fortissimum
432 3697 509 3766 huic
526 3693 707 3784 saptentiae
727 3691 869 3780 patroci-

122 3805 214 3868 nium
236 3801 363 3869 accedit
387 3819 427 3862 ex
459 3798 567 3862 numia
590 3795 790 3884 Treboniani
816 3813 869 3856 ae·

122 3926 188 3992 que
207 3925 244 3968 ac
259 3901 430 3993 Volusiani
447 3899 615 3986 inscriptis
630 3903 667 3987 P.
679 3899 725 3958 Μ.
742 3897 811 3958 Til.
827 3897 867 3960 P.

123 4008 195 4070 llll.
220 4005 316 4070 COS.
339 4003 398 4080 11.,
433 4021 478 4091 px
506 4017 571 4088 quo
599 3999 782 4082 tribunatus
801 4015 868 4058 atu·

122 4127 218 4172 suero
252 4123 388 4168 necesse
411 4116 461 4166 est
484 4099 727 4184 Treboniapum
751 4099 866 4161 saltem

123 4228 245 4274 annum
266 4225 344 4284 roo7
362 4196 543 4268 inchoasse.
566 4193 657 4268 naec
674 4201 791 4262 berum
808 4219 867 4260 nu·

123 4293 254 4372 snorum
274 4306 459 4372 testimonia
483 4303 563 4367 tanti
590 4303 656 4364 visa
678 4315 752 4364 sunt
774 4303 869 4362 Peta-

123 4411 199 4488 sio,
229 4423 265 4472 ut
292 4429 360 4473 non
374 4489 376 4496 Ι
392 4405 557 4496 dubitaret
579 4401 780 4494 Trebnoniani
808 4401 869 4466 iut-

1546 536 1551 552 ·
1585 489 1656 566 363

917 663 1046 748 perium
1071 683 1115 727 eo
1135 684 1238 750 usque
1261 661 1452 728 extendere.
1494 666 1560 730 dlii
1582 687 1663 733 vero

919 764 998 826 alias
1014 784 1129 828 eorum
1144 767 1413 850 explicandorum
1430 767 1586 844 rationes,
1603 769 1664 832 aed

920 864 1104 948 singulares
1122 866 1255 930 omnino
1275 867 1380 930 eoacti
1405 883 1481 932 sunt
1501 872 1662 954 reperire.

918 966 1069 1030 Celerius
1087 987 1160 1032 sese
1178 967 1357 1051 expediunt
1378 970 1421 1046 ii,
1444 971 1500 1055 qui
1517 972 1665 1054 priorem

919 1069 1113 1132 seutentiam
1138 1068 1301 1143 malebant
1316 1073 1482 1156 amplecti.
1520 1075 1667 1138 Hosne·
1717 1069 1719 1078 ¹

918 1191 1008 1244 moa,
1041 1171 1149 1245 aiunt,
1180 1185 1235 1233 aut
1256 1191 1330 1234 esse
1353 1171 1576 1249 adulterinos,
1609 1188 1666 1237 aut

918 1271 1004 1334 male
1026 1269 1230 1358 descriptos,
1251 1289 1307 1338 aut
1334 1275 1591 1350 monetariorum
1616 1274 1665 1336 vi·

918 1372 964 1436 tio
992 1371 1204 1456 depravatos,
1237 1397 1311 1440 cum
1342 1376 1478 1438 alterius
1506 1376 1665 1460 principia

918 1474 1071 1537 matrices
1086 1475 1204 1556 borum
1217 1476 1378 1561 capitibus
1397 1478 1571 1542 sociarent.
1600 1479 1668 1544 Ve-

917 1595 991 1637 rum
1007 1574 1095 1637 istud
1111 1589 1237 1638 temere
1258 1577 1367 1642 adseri
1384 1579 1455 1662 ipsa
1473 1577 1591 1642 horum
1608 1599 1669 1640 uu·

919 1696 1048 1740 morum
1068 1677 1245 1760 copiatum
1264 1679 1297 1738 in
1316 1693 1472 1761 argento,
1495 1698 1592 1762 quam
1614 1698 1669 1742 ae·
1780 1683 1786 1694 '

919 1797 957 1839 re
974 1777 1072 1842 facile
1090 1778 1223 1844 evincit.
1252 1777 1304 1840 Ad
1320 1779 1400 1841 baec
1418 1780 1446 1840 si
1463 1793 1669 1863 permutatae

921 1891 1031 1940 essent
1053 1880 1226 1955 matrices,
1249 1891 1283 1944 et
1305 1897 1440 1944 aversae
1462 1881 1668 1963 pertinerent

921 1977 963 2040 ad
980 1981 1216 2059 praecedentes
1234 1980 1471 2062 imperatores,
1494 1979 1581 2064 quod
1600 1981 1670 2064 pla-

921 2098 963 2140 na
986 2093 1112 2142 certum
1136 2080 1242 2143 risum
1264 2085 1314 2142 est
1331 2083 1434 2169 Pugio
1452 2083 1502 2161 ¹),
1530 2101 1671 2146 necesse

923 2194 1028 2256 esset,
1052 2179 1183 2242 easdem
1201 2194 1265 2240 tam
1278 2196 1427 2262 spectata
1442 2181 1668 2266 inscriptione,

922 2301 1018 2364 quam
1045 2293 1121 2363 typo
1148 2299 1279 2346 aversas
1302 2301 1480 2344 occurrere
1505 2283 1538 2346 iu
1560 2285 1693 2346 numia'

921 2382 1157 2466 imperatorum
1196 2381 1347 2462 proxime
1377 2383 1669 2466 praecedentium,

922 2483 1010 2566 quod
1033 2497 1143 2546 taurea
1169 2481 1313 2546 nondum
1341 2483 1560 2548 observatum.
1603 2488 1670 2548 Nu·

923 2583 984 2644 ruis
1006 2582 1053 2645 sic
1076 2582 1241 2666 inscriptis
1263 2584 1410 2648 feliciter
1427 2587 1592 2672 suppetias
1614 2601 1671 2650 ee·

921 2683 989 2760 uit,
1012 2703 1209 2767 omnemque
1224 2685 1276 2748 his
1295 2687 1347 2748 vel
1365 2680 1490 2750 e'rroris
1511 2687 1566 2750 vel
1581 2687 1669 2752 frau-

923 2785 974 2846 dis
998 2785 1218 2868 suspicionem
1249 2787 1364 2848 eximit
1388 2804 1548 2862 marmor,
1577 2787 1669 2872 ¹quod

923 2889 1031 2950 exstat
1046 2889 1171 2950 Romae
1190 2887 1222 2948 iu
1242 2885 1378 2962 aedibus
1397 2888 1521 2953 march.
1540 2887 1672 2952 Runda-

922 2989 1010 3063 uini,
1033 2988 1187 3074 quodque
1213 2987 1338 3071 primus
1360 2989 1505 3070 vulgavit
1531 2989 1671 3054 Bartlte·

922 3090 1051 3171 lamyus
1067 3086 1119 3169 ι’),
1143 3105 1176 3154 et
1201 3090 1286 3154 iufra
1309 3089 1345 3150 in
1365 3090 1554 3152 nominibus
1568 3093 1671 3157 Volu-
1691 3137 1695 3146 .

924 3191 1006 3254 sisui
1027 3191 1192 3274 copiosius
1212 3189 1421 3265 recitabitur,
1444 3191 1478 3254 iu
1502 3193 1568 3276 quo
1587 3195 1675 3276 'l're7

922 3293 1083 3356 bonhnus
1100 3311 1204 3375 aeque
1223 3313 1259 3354 ac
1277 3291 1475 3358 Volusianus
1495 3292 1668 3356 dicuntum

924 3397 994 3456 ΤΒ.
1010 3393 1046 3452 Ρ.
1062 3393 1132 3453 1111.
1149 3393 1244 3458 (308.
1262 3393 1303 3456 ll.
1318 3395 1356 3456 P.
1375 3397 1415 3458 P.
1458 3395 1511 3457 An
1536 3407 1570 3456 et
1585 3415 1671 3456 mar·

924 3515 998 3557 mor
1010 3493 1119 3570 istud,
1143 3493 1230 3577 qued
1248 3514 1323 3557 cum
1340 3493 1531 3558 numis'tam
1547 3494 1668 3562 eximie
1687 3489 1695 3502 ’

924 3594 1105 3675 conspirat,
1130 3592 1348 3676 corruptum?

986 3695 1062 3760 Huc
1077 3693 1219 3776 denique
1237 3693 1361 3756 iaciunt
1385 3692 1477 3774 numi
1493 3693 1668 3759 Aemiliani

924 3796 959 3860 in
979 3796 1083 3884 Daeia
1114 3814 1189 3859 cum
1219 3815 1305 3870 anuo
1325 3795 1412 3864 vlu.
1444 3795 1580 3878 signati,
1611 3797 1668 3880 qui

925 3896 1079 3981 oengruit
1099 3915 1184 3960 anno
1200 3897 1240 3962 V·
1256 3897 1292 3960 C.
1316 3915 1405 3975 roo7.
1450 3897 1486 3960 Si
1507 3911 1591 3980 ergo
1606 3900 1672 3964 Ac·

912 3995 1077 4062 'millenus
1098 3998 1162 4060 boo
1190 3997 1297 4062 adbuc
1316 4017 1400 4072 euno
1426 3998 1518 4062 vivus
1546 4013 1581 4062 et
1605 4005 1672 4068 Aa·

925 4113 1039 4184 gnatus
1058 4119 1127 4164 non
1141 4112 1302 4184 repugnat
1322 4098 1506 4165 consulatui
1522 4091 1671 4166 Valeria·

924 4201 978 4276 ni,
1001 4219 1109 4284 neque
1133 4199 1361 4262 'l'rebouianus
1383 4201 1447 4264 boc
1468 4221 1553 4264 anno
1577 4201 1669 4268 virus

925 4315 960 4364 et
977 4303 1143 4385 Augustus
1158 4300 1264 4364 eidem
1282 4301 1486 4385 repugnabit.
1530 4302 1670 4374 Etsise·

925 4421 988 4484 aa,
1004 4401 1095 4489 quod
1116 4401 1159 4466 sd
1182 4402 1431 4486 chronologiam
1457 4405 1591 4479 attinet,
1614 4423 1669 4489 pa·

124 4751 139 4804 g
161 4732 193 4803 a)
214 4687 286 4790 Crit.
307 4729 412 4788 Batou.
433 4723 472 4783 sd
490 4725 526 4786 V.
547 4725 580 4785 C.
602 4726 680 4789 1006.
701 4743 730 4786 u.
751 4733 793 4787 tls.
867 4689 901 4804 b)
921 4689 1055 4823 Masulis
1070 4685 1108 4786 ⁴1..
1128 4725 1212 4786 Τοιιι.
1233 4723 1418 4882 XXl'lll.zp.
1436 4727 1499 4790 bob
1531 4741 1537 4752 “

1407 4840 1426 4882 ll
1450 4837 1470 4881 2
1496 4863 1505 4886 ι
