4264 5516
486 521 507 582 8
972 485 1330 566 ANTONINVS
1380 484 1530 562 PIVS.

488 680 646 766 quidquid
660 676 823 754 muneris,
854 671 1052 740 etbenelioii
1073 649 1152 738 loco
1171 670 1229 736 ali·
1285 669 1369 734 ratio
1385 669 1426 732 ad
1441 685 1573 755 pravam
1597 655 1756 754 ejusaeri
1779 668 2034 754 magistratuum

488 783 541 846 cni
568 781 674 844 datur.
716 779 782 842 Sed
804 777 1165 866 harenariisreterum
1182 789 1229 836 te·
1286 770 1506 856 cupiditatem.
1529 775 1646 836 Narrat
1661 771 1747 834 eninr
1766 771 1831 832 Dio
1849 763 1888 832 ad
1907 789 2037 830 annum

487 882 647 946 stimoniis
673 881 779 964 tnagis
809 877 964 963 deinceps
991 875 1228 942 confirmabam·
1284 873 1325 939 V.
1342 876 1378 936 C.
1396 891 1460 960 pao
1480 867 1530 954 d)‚
1559 875 1656 936 etiarn
1677 893 1753 950 eos,
1777 871 1833 958 qui
1853 866 1907 935 vel
1934 869 2038 930 mini·

488 998 553 1048 rur.
1285 988 1370 1030 rnarn
1401 967 1539 1052 aliquam
1570 973 1810 1052 praefecturam
1841 967 2035 1044 obtinuere,

549 1085 699 1140 coronae
712 1073 776 1136 hae
783 1073 988 1150 triumphales
997 1083 1131 1134 vocatae
1144 1085 1228 1149 sont,
1285 1067 1487 1152 triumphum
1500 1069 1564 1160 sibi
1576 1069 1631 1132 rel·
1644 1069 1683 1132 ab
1694 1071 1850 1147 Antonio,
1866 1071 1921 1134 vet
1930 1070 2038 1134 Octa-

487 1179 561 1266 quia
586 1197 641 1239 eas
670 1173 818 1240 civitates
841 1185 974 1234 exterae
1000 1170 1139 1234 ducibus
1163 1175 1229 1234 Ro·
1284 1168 1382 1232 viano
1413 1169 1630 1253 waesivisse,
1666 1186 1762 1257 atque
1794 1172 1864 1254 ejus
1891 1170 2033 1233 nomine

486 1280 589 1343 manis
608 1277 649 1339 ad
670 1273 870 1357 triumphos,
894 1293 976 1356 quos
994 1271 1028 1333 in
1044 1271 1126 1334 urbe
1141 1278 1230 1334 actia·
1286 1289 1434 1352 magnam
1452 1269 1522 1334 auri
1541 1273 1704 1334 coronarii
1722 1273 1788 1336 vinr
1799 1274 1937 1354 (χρυσιον
1952 1275 2034 1333 πολυ

485 1363 657 1452 adessent,
676 1375 845 1450 obtulere,
862 1375 893 1434 in
911 1372 1028 1457 quibus
1049 1392 1105 1434 eas
1119 1373 1227 1455 palam
1276 1366 1315 1442 ἐς
1328 1391 1383 1442 rac
1400 1372 1562 1451 στεφαννς)
1583 1373 1801 1437 acis-itatibus
1823 1373 1986 1456 exegisse.

453 1539 460 1550 ,
487 1481 526 1544 ad
555 1477 823 1549 ostentationem,
857 1489 891 1535 et
918 1471 1104 1536 incredibili
1129 1489 1226 1556 saepe
1346 1473 1471 1542 Everse
1487 1473 1667 1557 republica,
1683 1473 1831 1557 cumjam
1846 1473 1935 1534 bella
1953 1473 2031 1534 unis

484 1599 623 1647 numero
638 1575 805 1660 praelatas
835 1572 957 1649 luisse,
987 1571 1105 1655 passim
1130 1572 1227 1634 docet
1283 1569 1515 1652 imperatorum
1526 1575 1677 1660 auspiciis
1687 1579 1901 1658 gererentur,
1918 1571 2032 1634 adim·

485 1681 609 1744 Livlus.
640 1680 758 1740 Festus
777 1675 822 1756 ·)=
855 1675 1072 1754 Triumphales
1091 1692 1228 1734 coronae
1284 1682 1458 1756 peratores
1484 1677 1579 1738 esiam
1607 1689 1732 1740 tantum
1753 1693 1894 1738 coronae
1908 1689 2032 1734 aureae

486 1793 577 1857 sont,
596 1779 874 1866 puoeimperatori
889 1777 1228 1852 victorimsosprae·
1284 1771 1485 1858 pertinuere,
1504 1791 1583 1856 quas
1602 1771 1668 1834 ltlts
1681 1777 1868 1855 provinciae
1881 1787 1957 1859 post
1974 1792 2029 1835 re·

481 1885 648 1963 former,
679 1897 762 1962 quae
780 1877 971 1954 temporibus
999 1877 1143 1958 andqoa's
1154 1895 1229 1954 pro-
1285 1873 1382 1936 latam
1402 1873 1618 1934 illustriorem
1631 1873 1817 1949 victoriam,
1834 1893 1874 1936 ex
1891 1895 1953 1960 qua
1969 1881 2031 1938 im-

482 1993 555 2062 pter
574 1989 796 2064 paupertatem
820 1980 950 2038 laureae
965 1978 1116 2055 snemnt,
1145 1987 1179 2034 et
1194 1973 1227 2034 in
1284 1973 1446 2059 peratoris
1472 1973 1603 2035 titulum
1627 1973 1907 2057 multiplicavere,
1939 1979 2028 2042 dono

485 2080 624 2144 eandem
655 2079 847 2142 sententiam
878 2075 1006 2138 Gellius
1027 2071 1074 2154 ¹³).
1102 2076 1227 2143 Verum
1285 2076 1453 2138 miserunt.
1475 2073 1648 2136 Paullatim
1667 2077 2028 2160 aliaequoquecausae

487 2181 575 2245 haud
600 2179 699 2242 dubie
719 2177 946 2258 distinguenda
974 2175 1069 2239 luere
1093 2188 1126 2238 et
1146 2189 1229 2237 tem·
1285 2193 1475 2251 accessere,
1503 2189 1540 2238 nt
1561 2173 1666 2238 aditus
1687 2176 1729 2240 sd
1749 2177 1940 2260 imperium,
1973 2184 2027 2245 tel

486 2303 584 2366 poro,
608 2295 640 2344 et
659 2281 784 2366 populi.
822 2283 987 2342 Romanos
1010 2279 1139 2360 integra
1156 2294 1227 2357 rep.
1284 2273 1507 2364 pontificatum
1547 2276 1742 2350 maximnm,
1774 2278 1957 2363 adoptatio,
1989 2303 2027 2346 ac

487 2381 779 2465 triumphatoribus
813 2379 880 2448 auis
909 2379 942 2439 in
973 2377 1103 2442 virtutis
1134 2395 1229 2460 prae·
1285 2377 1401 2441 similia
1419 2375 1558 2458 principi
1578 2377 1672 2439 laeta.
1703 2378 1779 2440 Fuit
1802 2397 1881 2444 vero
1904 2383 2028 2446 donnnt

466 2515 469 2520 ,
485 2484 588 2546 mium
614 2480 772 2542 obtulisse
788 2481 916 2544 laureas
932 2493 972 2541 ex
989 2491 1103 2540 vetere
1121 2495 1225 2550 more,
1284 2479 1371 2542 istud
1383 2477 1448 2539 sub
1462 2477 1794 2562 imperatoribusejus
1810 2495 1961 2560 naturae,
1991 2497 2029 2548 ut

487 2581 587 2646 facile
615 2581 833 2664 crediderim3
866 2595 898 2644 at
927 2591 1042 2664 postea
1071 2599 1166 2662 quarn
1193 2575 1228 2636 bi
1283 2579 1439 2664 imperari
1470 2577 1566 2639 etiarn
1606 2593 1735 2664 posset,
1769 2593 1803 2642 et
1825 2603 1843 2643 a
1867 2603 1948 2647 vero
1970 2583 2028 2647 tri·

486 2685 574 2748 bella
614 2683 824 2746 ultramarina
867 2701 984 2766 gerere
1027 2689 1226 2764 coeperunt,
1283 2682 1363 2746 buto
1384 2680 1514 2744 nonnisi
1532 2679 1662 2742 mitiore
1683 2681 1842 2746 vocabulo
1863 2683 2026 2762 differret,

487 2783 631 2846 dubitari
664 2784 794 2868 nequit,
832 2783 980 2848 civitates
1008 2781 1150 2843 Graecus
1179 2776 1228 2841 ri·
1285 2796 1547 2868 cogerenturque
1568 2783 1756 2865 provinciae
1779 2783 1813 2844 in
1841 2786 2025 2870 principem

411 2932 418 2938 -
487 2886 632 2951 oloribus
651 2885 721 2969 ejus
739 2884 870 2969 generis
889 2882 1057 2945 dedicatae
1078 2899 1226 2954 coronas,
1284 2901 1358 2946 esse
1381 2883 1556 2960 liberales,
1579 2903 1618 2946 ac
1638 2881 1825 2960 beneficae,
1849 2899 1882 2948 et
1903 2887 2028 2969 pende·

488 2987 580 3069 e‘njus
601 2987 695 3048 luere
718 2987 812 3061 illae,
842 3005 922 3068 quas
951 2995 1112 3066 perpetuo
1133 3000 1227 3044 more
1285 2984 1341 3046 bat
1374 3005 1414 3046 ex
1445 2985 1539 3047 unius
1569 2984 1727 3069 principis
1755 2984 1923 3047 voluntate
1955 2986 2027 3071 ejus

486 3086 675 3151 Alexandro
688 3089 753 3160 M„
773 3081 1228 3170 ejusquesucoessoribusde·
1285 3084 1364 3148 doni
1379 3087 1433 3150 vel
1452 3084 1689 3170 multiplicare,
1711 3085 1766 3148 rel
1789 3087 1937 3148 minuere
1954 3107 2028 3150 cau—

488 3186 598 3251 dicare
642 3200 902 3262 consueverant,
937 3203 1056 3248 aureae
1088 3181 1226 3245 scilicet.
1285 3207 1355 3264 sas,
1377 3200 1445 3250 tuna
1462 3201 1684 3275 acquantum,
1707 3199 1740 3250 er
1758 3185 1874 3270 quihus
1894 3189 2028 3270 provin.

488 3290 556 3353 Sed
576 3289 658 3350 haee
680 3287 877 3369 populorum
892 3300 1102 3350 externorum
1122 3281 1228 3345 studia
1285 3289 1344 3352 ciis
1361 3288 1535 3351 remissum
1550 3289 1666 3352 vellet.
1699 3287 1780 3370 Ejus
1792 3285 2027 3350 moderationis

488 3389 655 3474 paullatim
676 3387 793 3450 ducum
816 3392 855 3451 R.
881 3387 1092 3472 cupiditatem
1115 3404 1228 3448 aceen-
1283 3387 1789 3475 manilestaquaedamhabemus
1811 3389 1962 3474 exempla
1981 3391 2027 3452 le-

489 3489 626 3564 derunt,
655 3489 701 3551 sie
726 3479 768 3550 ul
779 3490 875 3552 etiam
890 3503 964 3550 ante
982 3487 1151 3551 decretum
1170 3484 1227 3546 tri·
1284 3493 1379 3573 gibus
1389 3489 1599 3575 praescripta.
1620 3491 1736 3552 Exstat
1746 3491 1934 3581 constitutio
1946 3491 2026 3552 Gra·

487 3589 644 3674 umphum
673 3609 810 3652 coronas
844 3609 958 3652 aureas
987 3611 1004 3650 a
1042 3585 1227 3652 civitatibus
1283 3593 1362 3656 niani
1390 3592 1436 3673 a),
1465 3597 1522 3656 Ad
1544 3595 1747 3654 emtionem
1768 3595 1843 3653 aurs·
1863 3597 2027 3655 commta·

488 3704 698 3774 expeterent3
740 3711 835 3774 quam
880 3689 1011 3774 quidem
1058 3689 1226 3752 enuntiem
1276 3699 1575 3777 ptmttmmtnem
1586 3695 1941 3776 abaqeeeonanetuda'ne
1957 3715 2026 3756 esse

486 3793 562 3877 lege
585 3793 650 3855 lata
678 3791 893 3856 coercendam
910 3791 1036 3855 censuit
1058 3793 1083 3854 1.
1107 3792 1227 3854 Caesar
1281 3802 1465 3879 cogendum.
1489 3795 1576 3858 Alibi
1589 3794 1729 3854 lulianus
1738 3789 1782 3869 sl:
1799 3795 1924 3854 Aurum
1939 3816 2026 3858 eoro-

488 3907 573 3957 teste
590 3893 661 3977 ipso
670 3885 829 3957 Cicerone
838 3891 889 3954 his
899 3893 1009 3956 verbis
1024 3893 1063 3954 1..
1071 3894 1226 3954 Pisonem
1280 3901 1409 3960 nortem
1416 3894 1889 3982 mmaestoolmmds,·W
1901 3914 1966 3956 non
1977 3917 2025 3957 so-

485 3995 729 4079 perstringente
740 3999 767 4073 ε)
776 4017 785 4057 t
794 3995 1225 4068 Mittonurumeorouarient,
1281 3997 1568 4070 temaenotors'bus,
1588 3997 1690 4056 sedne
1704 3993 1918 4072 ullisqus'dem
1933 3999 2027 4058 debet

445 4109 448 4112 “
487 4099 916 4176 puodtedt'utisst'ntetorar't,
931 4115 1003 4156 cum
1010 4095 1225 4168 modoeelles,
1284 4099 1401 4170 indici,
1419 4098 1657 4178 lieetqeeedem
1671 4093 1880 4154 tndtcttom
1887 4103 2024 4160 necesse

485 4199 708 4271 masuetus,-
725 4201 779 4259 lee
792 4199 878 4259 atim
888 4198 1000 4276 ymeri
1008 4189 1058 4256 tol
1074 4204 1107 4254 et
1121 4197 1226 4256 decer·
1283 4189 2026 4276 tespotttsdsvorit,sednostroerditn'oreseron-
2043 4209 2049 4220 ’

486 4299 539 4370 sti,
555 4307 588 4358 et
602 4306 634 4358 te
650 4300 946 4375 accipereutnhnt,
963 4298 1157 4360 nisidecreto
1170 4298 1226 4356 trs'·
1282 4301 1314 4360 n’
1329 4299 1492 4377 oportsttt.
1516 4295 1584 4358 Sed
1599 4307 1633 4356 et
1648 4307 1800 4356 veterem
1815 4311 2023 4360 monumenta

486 4400 608 4476 rsntplto.
635 4395 689 4457 'At
708 4416 824 4478 parurn
844 4397 946 4460 valuit
967 4395 1036 4460 sive
1059 4397 1132 4473 lex,
1155 4397 1224 4460 aire
1281 4397 1514 4462 nonnullorum
1530 4393 1756 4480 principanio
1772 4396 2021 4481 eoseeeptando

541 4637 572 4705 a)
592 4633 622 4690 iu
645 4635 853 4708 Triumphales
869 4657 1009 4695 coronae.
1083 4639 1118 4711 b)
1137 4638 1169 4698 1..
1184 4637 1221 4698 V.
1236 4659 1261 4698 o.
1276 4639 1303 4704 6.
1379 4644 1408 4716 c)
1427 4595 1675 4704 iullsolt.c.3t.'
1733 4633 2019 4710 t)L.xL1x.§.ta

485 4725 516 4794 e)
534 4721 601 4782 Cod
619 4723 650 4781 L.
670 4723 707 4780 X.
727 4723 771 4784 tit·
791 4732 835 4790 tt.
907 4727 936 4800 s)
955 4725 1029 4786 eod.
1050 4727 1080 4786 L.
1100 4729 1165 4787 ΧΠ.
1185 4728 1227 4786 tit.
1248 4739 1291 4792 13.
