<?xml version="1.0" encoding="UTF-8"?>
<!DOCTYPE html PUBLIC "-//W3C//DTD XHTML 1.0 Transitional//EN"
    "http://www.w3.org/TR/xhtml1/DTD/xhtml1-transitional.dtd">
<html xmlns="http://www.w3.org/1999/xhtml" xml:lang="en" lang="en">
 <head>
  <title>
</title>
<meta http-equiv="Content-Type" content="text/html;charset=utf-8" />
  <meta name='ocr-system' content='tesseract 3.04.00' />
  <meta name='ocr-capabilities' content='ocr_page ocr_carea ocr_par ocr_line ocrx_word'/>
</head>
<body>
  <div class='ocr_page' id='page_1' title='image "./doctrinanumorum00hohlgoog/doctrinanumorum00hohlgoog_0023.png"; bbox 0 0 4264 5516; ppageno 0'>
   <div class='ocr_carea' id='block_1_1' title="bbox 339 423 1441 590">
    <p class='ocr_par' dir='ltr' id='par_1_1' title="bbox 339 423 1441 590">
     <span class='ocr_line' id='line_1_1' title="bbox 339 423 1441 590; baseline -0.014 -23"><span class='ocrx_word' id='word_1_1' title='bbox 339 423 342 432; x_wconf 34' lang='lat'>⁵</span> <span class='ocrx_word' id='word_1_2' title='bbox 401 503 448 568; x_wconf 71' lang='lat' dir='ltr'><strong>aa</strong></span> <span class='ocrx_word' id='word_1_3' title='bbox 790 586 792 590; x_wconf 13' lang='grc' dir='ltr'>ι</span> <span class='ocrx_word' id='word_1_4' title='bbox 889 478 1244 558; x_wconf 80' lang='grc' dir='ltr'>ιιιιοιιιιιι</span> <span class='ocrx_word' id='word_1_5' title='bbox 1294 477 1441 552; x_wconf 75' lang='lat' dir='ltr'><strong>eivs,</strong></span> 
     </span>
    </p>
   </div>
   <div class='ocr_carea' id='block_1_2' title="bbox 344 663 1134 758">
    <p class='ocr_par' dir='ltr' id='par_1_2' title="bbox 344 659 1134 758">
     <span class='ocr_line' id='line_1_2' title="bbox 344 663 1134 758; baseline -0.004 -29"><span class='ocrx_word' id='word_1_6' title='bbox 344 665 346 670; x_wconf 71' lang='grc'><strong>’</strong></span> <span class='ocrx_word' id='word_1_7' title='bbox 391 663 534 730; x_wconf 72' lang='lat' dir='ltr'><strong>a&#39;tliuieee</strong></span> <span class='ocrx_word' id='word_1_8' title='bbox 551 689 592 730; x_wconf 79' lang='lat' dir='ltr'><strong>ex</strong></span> <span class='ocrx_word' id='word_1_9' title='bbox 610 666 788 758; x_wconf 73' lang='lat' dir='ltr'><strong>provinciis</strong></span> <span class='ocrx_word' id='word_1_10' title='bbox 802 679 969 741; x_wconf 82' lang='lat' dir='ltr'><strong>oratores,</strong></span> <span class='ocrx_word' id='word_1_11' title='bbox 993 666 1048 751; x_wconf 78' lang='lat' dir='ltr'><strong>qui</strong></span> <span class='ocrx_word' id='word_1_12' title='bbox 1065 687 1134 727; x_wconf 89' lang='lat' dir='ltr'><strong>mu·</strong></span> 
     </span>
    </p>
   </div>
   <div class='ocr_carea' id='block_1_3' title="bbox 387 765 1143 852">
    <p class='ocr_par' dir='ltr' id='par_1_3' title="bbox 387 765 1143 852">
     <span class='ocr_line' id='line_1_3' title="bbox 387 765 1143 852; baseline -0.004 -22"><span class='ocrx_word' id='word_1_13' title='bbox 387 789 453 830; x_wconf 85' lang='grc' dir='ltr'>ιιιιι</span> <span class='ocrx_word' id='word_1_14' title='bbox 480 769 671 852; x_wconf 86' lang='lat' dir='ltr'><strong>imperatori</strong></span> <span class='ocrx_word' id='word_1_15' title='bbox 694 769 878 852; x_wconf 65' lang='lat' dir='ltr'><strong>deferrent,</strong></span> <span class='ocrx_word' id='word_1_16' title='bbox 902 781 936 830; x_wconf 88' lang='lat' dir='ltr'><strong>et</strong></span> <span class='ocrx_word' id='word_1_17' title='bbox 953 788 1026 831; x_wconf 88' lang='lat' dir='ltr'><strong>oum</strong></span> <span class='ocrx_word' id='word_1_18' title='bbox 1049 765 1143 828; x_wconf 74' lang='lat' dir='ltr'><strong>illuri</strong></span> 
     </span>
    </p>
   </div>
   <div class='ocr_carea' id='block_1_4' title="bbox 382 869 1137 3169">
    <p class='ocr_par' dir='ltr' id='par_1_4' title="bbox 382 869 1137 3169">
     <span class='ocr_line' id='line_1_4' title="bbox 391 869 1134 956; baseline -0.004 -24"><span class='ocrx_word' id='word_1_19' title='bbox 391 869 538 932; x_wconf 85' lang='lat' dir='ltr'><strong>oblatum</strong></span> <span class='ocrx_word' id='word_1_20' title='bbox 561 873 606 934; x_wconf 82' lang='lat' dir='ltr'><strong>ait</strong></span> <span class='ocrx_word' id='word_1_21' title='bbox 627 894 722 936; x_wconf 75' lang='lat' dir='ltr'><strong>eausa</strong></span> <span class='ocrx_word' id='word_1_22' title='bbox 750 869 932 956; x_wconf 73' lang='lat' dir='ltr'><strong>adoptionis</strong></span> <span class='ocrx_word' id='word_1_23' title='bbox 958 890 1041 932; x_wconf 81' lang='lat' dir='ltr'><strong>anne</strong></span> <span class='ocrx_word' id='word_1_24' title='bbox 1058 881 1134 952; x_wconf 85' lang='lat' dir='ltr'><strong>¹pro·</strong></span> 
     </span>
     <span class='ocr_line' id='line_1_5' title="bbox 390 971 1132 1056; baseline -0.003 -23"><span class='ocrx_word' id='word_1_25' title='bbox 390 971 477 1040; x_wconf 71' lang='lat' dir='ltr'><strong>aine</strong></span> <span class='ocrx_word' id='word_1_26' title='bbox 508 973 679 1056; x_wconf 71' lang='lat' dir='ltr'>superiore</span> <span class='ocrx_word' id='word_1_27' title='bbox 716 985 886 1056; x_wconf 80' lang='lat' dir='ltr'><strong>peractae,</strong></span> <span class='ocrx_word' id='word_1_28' title='bbox 930 985 964 1033; x_wconf 88' lang='lat' dir='ltr'><strong>et</strong></span> <span class='ocrx_word' id='word_1_29' title='bbox 997 989 1132 1037; x_wconf 71' lang='lat' dir='ltr'><strong>neeesse</strong></span> 
     </span>
     <span class='ocr_line' id='line_1_6' title="bbox 389 1071 1133 1155; baseline -0.001 -22"><span class='ocrx_word' id='word_1_30' title='bbox 389 1071 510 1144; x_wconf 81' lang='lat' dir='ltr'><strong>fuerit,</strong></span> <span class='ocrx_word' id='word_1_31' title='bbox 531 1072 652 1155; x_wconf 73' lang='lat' dir='ltr'><strong>justum</strong></span> <span class='ocrx_word' id='word_1_32' title='bbox 666 1073 873 1136; x_wconf 72' lang='lat' dir='ltr'><strong>intercedere</strong></span> <span class='ocrx_word' id='word_1_33' title='bbox 890 1085 1038 1154; x_wconf 76' lang='lat' dir='ltr'><strong>tempus,</strong></span> <span class='ocrx_word' id='word_1_34' title='bbox 1056 1071 1133 1133; x_wconf 78' lang='lat' dir='ltr'><strong>alum</strong></span> 
     </span>
     <span class='ocr_line' id='line_1_7' title="bbox 385 1171 1135 1257; baseline -0.001 -22.995"><span class='ocrx_word' id='word_1_35' title='bbox 385 1191 439 1234; x_wconf 77' lang='lat' dir='ltr'><strong>ea</strong></span> <span class='ocrx_word' id='word_1_36' title='bbox 449 1171 590 1255; x_wconf 75' lang='lat' dir='ltr'>adoptio</span> <span class='ocrx_word' id='word_1_37' title='bbox 614 1175 838 1238; x_wconf 73' lang='lat' dir='ltr'><strong>innotesceret</strong></span> <span class='ocrx_word' id='word_1_38' title='bbox 862 1173 1057 1257; x_wconf 79' lang='lat' dir='ltr'><strong>provinciis,</strong></span> <span class='ocrx_word' id='word_1_39' title='bbox 1080 1191 1135 1234; x_wconf 88' lang='lat' dir='ltr'><strong>eo·</strong></span> 
     </span>
     <span class='ocr_line' id='line_1_8' title="bbox 387 1273 1134 1364; baseline 0 -30"><span class='ocrx_word' id='word_1_40' title='bbox 387 1285 526 1356; x_wconf 70' lang='lat' dir='ltr'><strong>geretur</strong></span> <span class='ocrx_word' id='word_1_41' title='bbox 549 1297 687 1351; x_wconf 74' lang='lat' dir='ltr'><strong>auratae,</strong></span> <span class='ocrx_word' id='word_1_42' title='bbox 716 1289 865 1340; x_wconf 73' lang='lat' dir='ltr'><strong>oratores</strong></span> <span class='ocrx_word' id='word_1_43' title='bbox 894 1294 934 1336; x_wconf 83' lang='lat' dir='ltr'><strong>ex</strong></span> <span class='ocrx_word' id='word_1_44' title='bbox 957 1273 1134 1364; x_wconf 80' lang='lat' dir='ltr'><strong>remotissi-</strong></span> 
     </span>
     <span class='ocr_line' id='line_1_9' title="bbox 389 1373 1134 1458; baseline -0.001 -22"><span class='ocrx_word' id='word_1_45' title='bbox 389 1375 452 1436; x_wconf 75' lang='lat' dir='ltr'><strong>mis</strong></span> <span class='ocrx_word' id='word_1_46' title='bbox 476 1375 667 1458; x_wconf 75' lang='lat' dir='ltr'><strong>regionibus</strong></span> <span class='ocrx_word' id='word_1_47' title='bbox 691 1379 816 1439; x_wconf 82' lang='lat' dir='ltr'><strong>Romae</strong></span> <span class='ocrx_word' id='word_1_48' title='bbox 838 1377 1008 1452; x_wconf 71' lang='lat' dir='ltr'><strong>adessent,</strong></span> <span class='ocrx_word' id='word_1_49' title='bbox 1043 1373 1134 1436; x_wconf 87' lang='lat' dir='ltr'><strong>‹ledi-</strong></span> 
     </span>
     <span class='ocr_line' id='line_1_10' title="bbox 390 1475 1134 1591; baseline 0 -53"><span class='ocrx_word' id='word_1_50' title='bbox 390 1475 475 1538; x_wconf 84' lang='lat' dir='ltr'><strong>eatio</strong></span> <span class='ocrx_word' id='word_1_51' title='bbox 493 1477 563 1558; x_wconf 85' lang='lat' dir='ltr'><strong>ejue</strong></span> <span class='ocrx_word' id='word_1_52' title='bbox 580 1476 651 1540; x_wconf 83' lang='lat' dir='ltr'><strong>euri</strong></span> <span class='ocrx_word' id='word_1_53' title='bbox 671 1477 835 1591; x_wconf 78' lang='lat' dir='ltr'><strong>ooponanii</strong></span> <span class='ocrx_word' id='word_1_54' title='bbox 853 1477 968 1538; x_wconf 75' lang='lat' dir='ltr'><strong>saltem</strong></span> <span class='ocrx_word' id='word_1_55' title='bbox 991 1497 1009 1538; x_wconf 84' lang='lat' dir='ltr'><strong>a</strong></span> <span class='ocrx_word' id='word_1_56' title='bbox 1028 1496 1134 1538; x_wconf 85' lang='lat' dir='ltr'><strong>remo·</strong></span> 
     </span>
     <span class='ocr_line' id='line_1_11' title="bbox 392 1575 1134 1661; baseline 0 -23"><span class='ocrx_word' id='word_1_57' title='bbox 392 1577 531 1640; x_wconf 82' lang='lat' dir='ltr'><strong>tioribue</strong></span> <span class='ocrx_word' id='word_1_58' title='bbox 562 1575 740 1661; x_wconf 81' lang='lat' dir='ltr'><strong>provino&#39;ua</strong></span> <span class='ocrx_word' id='word_1_59' title='bbox 770 1577 832 1638; x_wconf 78' lang='lat' dir='ltr'><strong>niti</strong></span> <span class='ocrx_word' id='word_1_60' title='bbox 864 1577 924 1638; x_wconf 78' lang='lat' dir='ltr'><strong>sub</strong></span> <span class='ocrx_word' id='word_1_61' title='bbox 960 1590 1134 1638; x_wconf 76' lang='lat' dir='ltr'><strong>exeuntem</strong></span> 
     </span>
     <span class='ocr_line' id='line_1_12' title="bbox 391 1677 1134 1761; baseline 0 -23"><span class='ocrx_word' id='word_1_62' title='bbox 391 1698 509 1738; x_wconf 88' lang='lat' dir='ltr'><strong>annum</strong></span> <span class='ocrx_word' id='word_1_63' title='bbox 532 1677 751 1761; x_wconf 75' lang='lat' dir='ltr'><strong>superiorem,</strong></span> <span class='ocrx_word' id='word_1_64' title='bbox 775 1691 829 1740; x_wconf 87' lang='lat' dir='ltr'><strong>eut</strong></span> <span class='ocrx_word' id='word_1_65' title='bbox 847 1679 1014 1741; x_wconf 88' lang='lat' dir='ltr'><strong>ineuntem</strong></span> <span class='ocrx_word' id='word_1_66' title='bbox 1042 1697 1134 1760; x_wconf 86' lang='lat' dir='ltr'><strong>prae·</strong></span> 
     </span>
     <span class='ocr_line' id='line_1_13' title="bbox 392 1778 1134 1864; baseline 0.003 -27"><span class='ocrx_word' id='word_1_67' title='bbox 392 1790 518 1840; x_wconf 76' lang='lat' dir='ltr'><strong>nentem</strong></span> <span class='ocrx_word' id='word_1_68' title='bbox 541 1799 607 1840; x_wconf 91' lang='lat' dir='ltr'><strong>uon</strong></span> <span class='ocrx_word' id='word_1_69' title='bbox 620 1779 727 1862; x_wconf 91' lang='lat' dir='ltr'><strong>potuit</strong></span> <span class='ocrx_word' id='word_1_70' title='bbox 741 1779 873 1864; x_wconf 82' lang='lat' dir='ltr'><strong>peregi,</strong></span> <span class='ocrx_word' id='word_1_71' title='bbox 897 1781 999 1842; x_wconf 90' lang='lat' dir='ltr'><strong>multo</strong></span> <span class='ocrx_word' id='word_1_72' title='bbox 1028 1778 1134 1839; x_wconf 83' lang='lat' dir='ltr'><strong>minua</strong></span> 
     </span>
     <span class='ocr_line' id='line_1_14' title="bbox 393 1876 1136 1964; baseline -0.003 -22"><span class='ocrx_word' id='word_1_73' title='bbox 393 1876 439 1952; x_wconf 83' lang='lat' dir='ltr'><strong>hi,</strong></span> <span class='ocrx_word' id='word_1_74' title='bbox 456 1879 497 1940; x_wconf 85' lang='lat' dir='ltr'><strong>de</strong></span> <span class='ocrx_word' id='word_1_75' title='bbox 513 1877 631 1964; x_wconf 84' lang='lat' dir='ltr'><strong>quibua</strong></span> <span class='ocrx_word' id='word_1_76' title='bbox 642 1879 786 1962; x_wconf 74' lang='lat' dir='ltr'><strong>agimus,</strong></span> <span class='ocrx_word' id='word_1_77' title='bbox 805 1879 1010 1942; x_wconf 83' lang='lat' dir='ltr'><strong>numileriri.</strong></span> <span class='ocrx_word' id='word_1_78' title='bbox 1031 1881 1136 1962; x_wconf 83' lang='lat' dir='ltr'><strong>Egre-</strong></span> 
     </span>
     <span class='ocr_line' id='line_1_15' title="bbox 382 1979 1135 2063; baseline 0.004 -25"><span class='ocrx_word' id='word_1_79' title='bbox 382 1979 444 2062; x_wconf 75' lang='lat' dir='ltr'><strong>-gie</strong></span> <span class='ocrx_word' id='word_1_80' title='bbox 473 1979 575 2062; x_wconf 82' lang='lat' dir='ltr'><strong>igitur</strong></span> <span class='ocrx_word' id='word_1_81' title='bbox 592 1979 756 2063; x_wconf 80' lang='lat' dir='ltr'><strong>conspirat</strong></span> <span class='ocrx_word' id='word_1_82' title='bbox 769 1995 857 2044; x_wconf 80' lang='lat' dir='ltr'><strong>netas</strong></span> <span class='ocrx_word' id='word_1_83' title='bbox 871 2002 1047 2044; x_wconf 86' lang='lat' dir='ltr'><strong>nemorum</strong></span> <span class='ocrx_word' id='word_1_84' title='bbox 1060 2000 1135 2042; x_wconf 89' lang='lat' dir='ltr'><strong>cnm</strong></span> 
     </span>
     <span class='ocr_line' id='line_1_16' title="bbox 387 2079 1135 2164; baseline 0.001 -22"><span class='ocrx_word' id='word_1_85' title='bbox 387 2094 540 2163; x_wconf 85' lang='lat' dir='ltr'><strong>tempore</strong></span> <span class='ocrx_word' id='word_1_86' title='bbox 558 2079 696 2142; x_wconf 85' lang='lat' dir='ltr'><strong>dedicati</strong></span> <span class='ocrx_word' id='word_1_87' title='bbox 713 2082 867 2145; x_wconf 80' lang='lat' dir='ltr'><strong>muneris.</strong></span> <span class='ocrx_word' id='word_1_88' title='bbox 890 2083 932 2143; x_wconf 80' lang='lat' dir='ltr'><strong>At</strong></span> <span class='ocrx_word' id='word_1_89' title='bbox 947 2102 1135 2164; x_wconf 82' lang='lat' dir='ltr'><strong>aequeeum</strong></span> 
     </span>
     <span class='ocr_line' id='line_1_17' title="bbox 389 2181 1136 2265; baseline 0 -23"><span class='ocrx_word' id='word_1_90' title='bbox 389 2181 551 2244; x_wconf 80' lang='lat' dir='ltr'><strong>sententia</strong></span> <span class='ocrx_word' id='word_1_91' title='bbox 575 2199 648 2240; x_wconf 87' lang='lat' dir='ltr'><strong>meo</strong></span> <span class='ocrx_word' id='word_1_92' title='bbox 668 2181 833 2263; x_wconf 80' lang='lat' dir='ltr'><strong>conspirat</strong></span> <span class='ocrx_word' id='word_1_93' title='bbox 848 2196 882 2248; x_wconf 86' lang='lat' dir='ltr'><strong>et</strong></span> <span class='ocrx_word' id='word_1_94' title='bbox 899 2196 1004 2265; x_wconf 76' lang='lat' dir='ltr'><strong>typus.</strong></span> <span class='ocrx_word' id='word_1_95' title='bbox 1034 2181 1136 2244; x_wconf 83' lang='lat' dir='ltr'><strong>Exhi-</strong></span> 
     </span>
     <span class='ocr_line' id='line_1_18' title="bbox 392 2281 1137 2366; baseline -0.004 -20"><span class='ocrx_word' id='word_1_96' title='bbox 392 2281 450 2346; x_wconf 91' lang='lat' dir='ltr'><strong>bet</strong></span> <span class='ocrx_word' id='word_1_97' title='bbox 467 2281 520 2344; x_wconf 89' lang='lat' dir='ltr'><strong>bie</strong></span> <span class='ocrx_word' id='word_1_98' title='bbox 544 2293 683 2342; x_wconf 73' lang='lat' dir='ltr'><strong>stantem</strong></span> <span class='ocrx_word' id='word_1_99' title='bbox 702 2281 891 2363; x_wconf 84' lang='lat' dir='ltr'><strong>provinciae</strong></span> <span class='ocrx_word' id='word_1_100' title='bbox 907 2283 1056 2366; x_wconf 80' lang='lat' dir='ltr'><strong>genium,</strong></span> <span class='ocrx_word' id='word_1_101' title='bbox 1081 2283 1137 2366; x_wconf 90' lang='lat' dir='ltr'><strong>qui</strong></span> 
     </span>
     <span class='ocr_line' id='line_1_19' title="bbox 388 2379 1137 2466; baseline 0 -22"><span class='ocrx_word' id='word_1_102' title='bbox 388 2402 486 2444; x_wconf 86' lang='lat' dir='ltr'><strong>manu</strong></span> <span class='ocrx_word' id='word_1_103' title='bbox 511 2393 644 2442; x_wconf 86' lang='lat' dir='ltr'><strong>extenta</strong></span> <span class='ocrx_word' id='word_1_104' title='bbox 672 2379 773 2454; x_wconf 82' lang='lat' dir='ltr'><strong>illud,</strong></span> <span class='ocrx_word' id='word_1_105' title='bbox 789 2381 886 2464; x_wconf 75' lang='lat' dir='ltr'><strong>quod</strong></span> <span class='ocrx_word' id='word_1_106' title='bbox 908 2397 1033 2466; x_wconf 78' lang='lat' dir='ltr'><strong>gestat,</strong></span> <span class='ocrx_word' id='word_1_107' title='bbox 1062 2405 1137 2466; x_wconf 89' lang='lat' dir='ltr'><strong>por·</strong></span> 
     </span>
     <span class='ocr_line' id='line_1_20' title="bbox 387 2481 1137 2567; baseline 0.005 -25"><span class='ocrx_word' id='word_1_108' title='bbox 387 2482 486 2565; x_wconf 74' lang='lat' dir='ltr'><strong>eigil,</strong></span> <span class='ocrx_word' id='word_1_109' title='bbox 516 2481 573 2564; x_wconf 88' lang='lat' dir='ltr'><strong>qui</strong></span> <span class='ocrx_word' id='word_1_110' title='bbox 595 2500 672 2542; x_wconf 86' lang='lat' dir='ltr'><strong>eane</strong></span> <span class='ocrx_word' id='word_1_111' title='bbox 702 2494 812 2563; x_wconf 78' lang='lat' dir='ltr'><strong>gestus</strong></span> <span class='ocrx_word' id='word_1_112' title='bbox 836 2495 886 2546; x_wconf 82' lang='lat' dir='ltr'><strong>eet</strong></span> <span class='ocrx_word' id='word_1_113' title='bbox 907 2483 1031 2567; x_wconf 82' lang='lat' dir='ltr'><strong>aliquid</strong></span> <span class='ocrx_word' id='word_1_114' title='bbox 1054 2482 1137 2546; x_wconf 84' lang='lat' dir='ltr'><strong>olie-</strong></span> 
     </span>
     <span class='ocr_line' id='line_1_21' title="bbox 390 2579 1135 2666; baseline 0.004 -21"><span class='ocrx_word' id='word_1_115' title='bbox 390 2583 514 2661; x_wconf 84' lang='lat' dir='ltr'><strong>rentie.;</strong></span> <span class='ocrx_word' id='word_1_116' title='bbox 535 2579 625 2664; x_wconf 85' lang='lat' dir='ltr'><strong>quod</strong></span> <span class='ocrx_word' id='word_1_117' title='bbox 651 2600 732 2644; x_wconf 73' lang='lat' dir='ltr'><strong>vero</strong></span> <span class='ocrx_word' id='word_1_118' title='bbox 751 2602 847 2644; x_wconf 84' lang='lat' dir='ltr'><strong>manu</strong></span> <span class='ocrx_word' id='word_1_119' title='bbox 865 2595 985 2666; x_wconf 74' lang='lat' dir='ltr'><strong>gestat,</strong></span> <span class='ocrx_word' id='word_1_120' title='bbox 1012 2583 1046 2645; x_wconf 85' lang='lat' dir='ltr'><strong>in</strong></span> <span class='ocrx_word' id='word_1_121' title='bbox 1062 2585 1135 2648; x_wconf 81' lang='lat' dir='ltr'><strong>aliie</strong></span> 
     </span>
     <span class='ocr_line' id='line_1_22' title="bbox 390 2682 1136 2768; baseline 0.005 -23"><span class='ocrx_word' id='word_1_122' title='bbox 390 2703 503 2766; x_wconf 82' lang='lat' dir='ltr'><strong>capsa,</strong></span> <span class='ocrx_word' id='word_1_123' title='bbox 527 2684 580 2744; x_wconf 82' lang='lat' dir='ltr'><strong>rel</strong></span> <span class='ocrx_word' id='word_1_124' title='bbox 606 2682 736 2754; x_wconf 80' lang='lat' dir='ltr'><strong>areola,</strong></span> <span class='ocrx_word' id='word_1_125' title='bbox 770 2696 868 2766; x_wconf 74' lang='lat' dir='ltr'><strong>prom</strong></span> <span class='ocrx_word' id='word_1_126' title='bbox 891 2684 1045 2746; x_wconf 85' lang='lat' dir='ltr'><strong>nimirum</strong></span> <span class='ocrx_word' id='word_1_127' title='bbox 1059 2707 1136 2768; x_wconf 87' lang='lat' dir='ltr'><strong>pro·</strong></span> 
     </span>
     <span class='ocr_line' id='line_1_23' title="bbox 387 2782 1136 2869; baseline 0.007 -26"><span class='ocrx_word' id='word_1_128' title='bbox 387 2782 566 2846; x_wconf 81' lang='lat' dir='ltr'><strong>rineiarum</strong></span> <span class='ocrx_word' id='word_1_129' title='bbox 583 2805 700 2846; x_wconf 83' lang='lat' dir='ltr'><strong>manue</strong></span> <span class='ocrx_word' id='word_1_130' title='bbox 717 2785 768 2847; x_wconf 85' lang='lat' dir='ltr'><strong>vel</strong></span> <span class='ocrx_word' id='word_1_131' title='bbox 781 2804 824 2850; x_wconf 79' lang='lat' dir='ltr'><strong>re</strong></span> <span class='ocrx_word' id='word_1_132' title='bbox 851 2783 921 2869; x_wconf 82' lang='lat' dir='ltr'><strong>ipae</strong></span> <span class='ocrx_word' id='word_1_133' title='bbox 940 2805 1061 2850; x_wconf 87' lang='lat' dir='ltr'><strong>corona</strong></span> <span class='ocrx_word' id='word_1_134' title='bbox 1080 2809 1136 2848; x_wconf 84' lang='lat' dir='ltr'><strong>au-</strong></span> 
     </span>
     <span class='ocr_line' id='line_1_24' title="bbox 384 2881 1136 2968; baseline 0.005 -22"><span class='ocrx_word' id='word_1_135' title='bbox 384 2881 540 2960; x_wconf 73' lang='lat' dir='ltr'><strong>tensuit,</strong></span> <span class='ocrx_word' id='word_1_136' title='bbox 565 2884 618 2947; x_wconf 85' lang='lat' dir='ltr'><strong>rel</strong></span> <span class='ocrx_word' id='word_1_137' title='bbox 633 2903 746 2947; x_wconf 84' lang='lat' dir='ltr'><strong>aarum</strong></span> <span class='ocrx_word' id='word_1_138' title='bbox 766 2905 882 2968; x_wconf 76' lang='lat' dir='ltr'><strong>capsae</strong></span> <span class='ocrx_word' id='word_1_139' title='bbox 901 2887 1081 2960; x_wconf 75' lang='lat' dir='ltr'><strong>inclusum</strong></span> <span class='ocrx_word' id='word_1_140' title='bbox 1102 2899 1136 2950; x_wconf 90' lang='lat' dir='ltr'><strong>et</strong></span> 
     </span>
     <span class='ocr_line' id='line_1_25' title="bbox 388 2985 1134 3073; baseline 0.004 -26"><span class='ocrx_word' id='word_1_141' title='bbox 388 3003 531 3048; x_wconf 83' lang='lat' dir='ltr'><strong>coronae</strong></span> <span class='ocrx_word' id='word_1_142' title='bbox 557 3005 680 3050; x_wconf 81' lang='lat' dir='ltr'><strong>aureae</strong></span> <span class='ocrx_word' id='word_1_143' title='bbox 709 2986 842 3048; x_wconf 89' lang='lat' dir='ltr'><strong>nomine</strong></span> <span class='ocrx_word' id='word_1_144' title='bbox 881 2985 1007 3064; x_wconf 84' lang='lat' dir='ltr'><strong>datum,</strong></span> <span class='ocrx_word' id='word_1_145' title='bbox 1047 3009 1134 3073; x_wconf 84' lang='lat' dir='ltr'><strong>quae</strong></span> 
     </span>
     <span class='ocr_line' id='line_1_26' title="bbox 385 3085 1132 3169; baseline 0.01 -24"><span class='ocrx_word' id='word_1_146' title='bbox 385 3085 574 3169; x_wconf 67' lang='lat' dir='ltr'><strong>perinanis,</strong></span> <span class='ocrx_word' id='word_1_147' title='bbox 596 3101 664 3150; x_wconf 89' lang='lat' dir='ltr'><strong>tum</strong></span> <span class='ocrx_word' id='word_1_148' title='bbox 690 3099 724 3150; x_wconf 89' lang='lat' dir='ltr'><strong>et</strong></span> <span class='ocrx_word' id='word_1_149' title='bbox 741 3087 875 3162; x_wconf 76' lang='lat' dir='ltr'><strong>recitata</strong></span> <span class='ocrx_word' id='word_1_150' title='bbox 901 3087 1059 3152; x_wconf 73' lang='lat' dir='ltr'><strong>haetenus</strong></span> <span class='ocrx_word' id='word_1_151' title='bbox 1085 3103 1132 3152; x_wconf 91' lang='lat' dir='ltr'><strong>te·</strong></span> 
     </span>
    </p>
   </div>
   <div class='ocr_carea' id='block_1_5' title="bbox 1189 659 1998 3152">
    <p class='ocr_par' dir='ltr' id='par_1_5' title="bbox 1189 659 1998 3152">
     <span class='ocr_line' id='line_1_27' title="bbox 1189 659 1948 748; baseline -0.001 -20"><span class='ocrx_word' id='word_1_152' title='bbox 1189 663 1314 728; x_wconf 79' lang='lat' dir='ltr'><strong>venalia</strong></span> <span class='ocrx_word' id='word_1_153' title='bbox 1327 659 1381 744; x_wconf 58' lang='grc' dir='ltr'><strong>1ι),</strong></span> <span class='ocrx_word' id='word_1_154' title='bbox 1402 675 1438 724; x_wconf 86' lang='lat' dir='ltr'><strong>et</strong></span> <span class='ocrx_word' id='word_1_155' title='bbox 1458 663 1575 724; x_wconf 77' lang='lat' dir='ltr'><strong>Festus</strong></span> <span class='ocrx_word' id='word_1_156' title='bbox 1591 667 1641 748; x_wconf 66' lang='grc' dir='ltr'><strong>ε),</strong></span> <span class='ocrx_word' id='word_1_157' title='bbox 1664 677 1698 727; x_wconf 88' lang='lat' dir='ltr'><strong>et</strong></span> <span class='ocrx_word' id='word_1_158' title='bbox 1716 661 1827 747; x_wconf 82' lang='lat' dir='ltr'><strong>lepide</strong></span> <span class='ocrx_word' id='word_1_159' title='bbox 1852 667 1948 728; x_wconf 59' lang='lat' dir='ltr'><strong>tera·</strong></span> 
     </span>
     <span class='ocr_line' id='line_1_28' title="bbox 1190 763 1934 848; baseline 0.005 -22"><span class='ocrx_word' id='word_1_160' title='bbox 1190 764 1345 826; x_wconf 77' lang='lat' dir='ltr'><strong>tullianus</strong></span> <span class='ocrx_word' id='word_1_161' title='bbox 1361 763 1392 846; x_wconf 74' lang='lat' dir='ltr'><strong>d)</strong></span> <span class='ocrx_word' id='word_1_162' title='bbox 1405 775 1415 828; x_wconf 70' lang='grc' dir='ltr'><strong>ι</strong></span> <span class='ocrx_word' id='word_1_163' title='bbox 1442 779 1516 830; x_wconf 77' lang='lat' dir='ltr'><strong>aaut</strong></span> <span class='ocrx_word' id='word_1_164' title='bbox 1533 780 1568 831; x_wconf 86' lang='lat' dir='ltr'><strong>et</strong></span> <span class='ocrx_word' id='word_1_165' title='bbox 1583 767 1800 848; x_wconf 67' lang='lat' dir='ltr'><strong>provinciales</strong></span> <span class='ocrx_word' id='word_1_166' title='bbox 1816 787 1934 830; x_wconf 83' lang='lat' dir='ltr'><strong>aureae</strong></span> 
     </span>
     <span class='ocr_line' id='line_1_29' title="bbox 1191 857 1934 948; baseline 0.003 -22"><span class='ocrx_word' id='word_1_167' title='bbox 1191 885 1327 928; x_wconf 83' lang='lat' dir='ltr'><strong>coronae</strong></span> <span class='ocrx_word' id='word_1_168' title='bbox 1364 870 1540 948; x_wconf 64' lang='lat' dir='ltr'><strong>innuptarum</strong></span> <span class='ocrx_word' id='word_1_169' title='bbox 1567 872 1659 948; x_wconf 79' lang='lat' dir='ltr'><strong>jone,</strong></span> <span class='ocrx_word' id='word_1_170' title='bbox 1689 889 1753 930; x_wconf 83' lang='lat' dir='ltr'><strong>oon</strong></span> <span class='ocrx_word' id='word_1_171' title='bbox 1774 857 1934 942; x_wconf 64' lang='lat' dir='ltr'><strong>uirorum,</strong></span> 
     </span>
     <span class='ocr_line' id='line_1_30' title="bbox 1191 967 1933 1066; baseline 0.001 -38"><span class='ocrx_word' id='word_1_172' title='bbox 1191 969 1300 1045; x_wconf 77' lang='lat' dir='ltr'><strong>capita</strong></span> <span class='ocrx_word' id='word_1_173' title='bbox 1329 972 1458 1044; x_wconf 80' lang='lat' dir='ltr'><strong>majora</strong></span> <span class='ocrx_word' id='word_1_174' title='bbox 1477 982 1675 1052; x_wconf 70' lang='lat' dir='ltr'><strong>quaerentes.</strong></span> <span class='ocrx_word' id='word_1_175' title='bbox 1716 970 1809 1066; x_wconf 81' lang='lat' dir='ltr'><strong>Quae</strong></span> <span class='ocrx_word' id='word_1_176' title='bbox 1833 967 1933 1030; x_wconf 87' lang='lat' dir='ltr'><strong>modo</strong></span> 
     </span>
     <span class='ocr_line' id='line_1_31' title="bbox 1192 1066 1942 1150; baseline 0.004 -22"><span class='ocrx_word' id='word_1_177' title='bbox 1192 1066 1278 1142; x_wconf 80' lang='lat' dir='ltr'><strong>dixi,</strong></span> <span class='ocrx_word' id='word_1_178' title='bbox 1301 1069 1470 1150; x_wconf 80' lang='lat' dir='ltr'><strong>praeclare</strong></span> <span class='ocrx_word' id='word_1_179' title='bbox 1502 1071 1733 1134; x_wconf 78' lang='lat' dir='ltr'><strong>confirmantur</strong></span> <span class='ocrx_word' id='word_1_180' title='bbox 1755 1068 1863 1133; x_wconf 74' lang='lat' dir='ltr'><strong>nuntie</strong></span> <span class='ocrx_word' id='word_1_181' title='bbox 1879 1067 1942 1132; x_wconf 89' lang='lat' dir='ltr'><strong>ob··</strong></span> 
     </span>
     <span class='ocr_line' id='line_1_32' title="bbox 1192 1167 1998 1256; baseline 0.012 -28"><span class='ocrx_word' id='word_1_182' title='bbox 1192 1168 1254 1230; x_wconf 82' lang='lat' dir='ltr'><strong>viis</strong></span> <span class='ocrx_word' id='word_1_183' title='bbox 1277 1167 1470 1232; x_wconf 76' lang='lat' dir='ltr'><strong>Antioohiae</strong></span> <span class='ocrx_word' id='word_1_184' title='bbox 1498 1172 1670 1253; x_wconf 86' lang='lat' dir='ltr'><strong>Syriae‚&#39;</strong></span> <span class='ocrx_word' id='word_1_185' title='bbox 1660 1195 1693 1234; x_wconf 92' lang='grc' dir='ltr'><strong>ιιι</strong></span> <span class='ocrx_word' id='word_1_186' title='bbox 1723 1193 1863 1256; x_wconf 89' lang='lat' dir='ltr'><strong>quorum</strong></span> <span class='ocrx_word' id='word_1_187' title='bbox 1883 1192 1937 1231; x_wconf 82' lang='lat' dir='ltr'><strong>un·</strong></span> <span class='ocrx_word' id='word_1_188' title='bbox 1972 1191 1998 1238; x_wconf 83' lang='grc'><strong>.’</strong></span> 
     </span>
     <span class='ocr_line' id='line_1_33' title="bbox 1190 1267 1933 1366; baseline -0.004 -34"><span class='ocrx_word' id='word_1_189' title='bbox 1190 1271 1254 1334; x_wconf 86' lang='lat' dir='ltr'><strong>tica</strong></span> <span class='ocrx_word' id='word_1_190' title='bbox 1275 1271 1417 1366; x_wconf 78' lang='lat' dir='ltr'><strong>legitur:</strong></span> <span class='ocrx_word' id='word_1_191' title='bbox 1458 1271 1660 1338; x_wconf 80' lang='grc' dir='ltr'>ΚΑΙΣΑΡΙ.</span> <span class='ocrx_word' id='word_1_192' title='bbox 1693 1267 1933 1338; x_wconf 84' lang='grc' dir='ltr'>ΣΕΒΑΣΤΩ</span> 
     </span>
     <span class='ocr_line' id='line_1_34' title="bbox 1193 1355 1937 1447; baseline 0 -13"><span class='ocrx_word' id='word_1_193' title='bbox 1193 1355 1429 1447; x_wconf 80' lang='lat' dir='ltr'><strong>APXIEPEI,</strong></span> <span class='ocrx_word' id='word_1_194' title='bbox 1461 1374 1494 1435; x_wconf 90' lang='lat' dir='ltr'><strong>in</strong></span> <span class='ocrx_word' id='word_1_195' title='bbox 1524 1395 1637 1437; x_wconf 77' lang='lat' dir='ltr'><strong>areana</strong></span> <span class='ocrx_word' id='word_1_196' title='bbox 1665 1375 1750 1437; x_wconf 89' lang='lat' dir='ltr'><strong>intra</strong></span> <span class='ocrx_word' id='word_1_197' title='bbox 1781 1392 1937 1436; x_wconf 86' lang='lat' dir='ltr'><strong>coronam</strong></span> 
     </span>
     <span class='ocr_line' id='line_1_35' title="bbox 1191 1449 1937 1548; baseline 0 -14"><span class='ocrx_word' id='word_1_198' title='bbox 1191 1449 1937 1548; x_wconf 73' lang='lat' dir='ltr'><strong>aPXtEPATIOKN.ANttoxE12‚en-</strong></span> 
     </span>
     <span class='ocr_line' id='line_1_36' title="bbox 1190 1573 1939 1658; baseline 0 -22"><span class='ocrx_word' id='word_1_199' title='bbox 1190 1573 1472 1658; x_wconf 80' lang='lat' dir='ltr'><strong>jueiuaoriptionia</strong></span> <span class='ocrx_word' id='word_1_200' title='bbox 1484 1575 1590 1638; x_wconf 81' lang='lat' dir='ltr'><strong>unitae</strong></span> <span class='ocrx_word' id='word_1_201' title='bbox 1601 1587 1787 1637; x_wconf 80' lang='lat' dir='ltr'><strong>senensest:</strong></span> <span class='ocrx_word' id='word_1_202' title='bbox 1808 1576 1939 1636; x_wconf 70' lang='lat' dir='ltr'><strong>Caesari</strong></span> 
     </span>
     <span class='ocr_line' id='line_1_37' title="bbox 1192 1677 1938 1758; baseline -0.003 -22"><span class='ocrx_word' id='word_1_203' title='bbox 1192 1679 1338 1754; x_wconf 70' lang='lat' dir='ltr'><strong>Auyurto</strong></span> <span class='ocrx_word' id='word_1_204' title='bbox 1361 1679 1508 1758; x_wconf 76' lang='lat' dir='ltr'><strong>pontifici</strong></span> <span class='ocrx_word' id='word_1_205' title='bbox 1530 1699 1617 1738; x_wconf 69' lang='grc' dir='ltr'>ηιαι.</span> <span class='ocrx_word' id='word_1_206' title='bbox 1647 1679 1876 1738; x_wconf 71' lang='lat' dir='ltr'><strong>Antiochenses</strong></span> <span class='ocrx_word' id='word_1_207' title='bbox 1897 1677 1938 1736; x_wconf 80' lang='lat' dir='ltr'><strong>oi</strong></span> 
     </span>
     <span class='ocr_line' id='line_1_38' title="bbox 1193 1769 1936 1888; baseline 0.001 -53"><span class='ocrx_word' id='word_1_208' title='bbox 1193 1787 1368 1854; x_wconf 64' lang='lat' dir='ltr'><strong>resumtum</strong></span> <span class='ocrx_word' id='word_1_209' title='bbox 1397 1781 1620 1858; x_wconf 81' lang='lat' dir='ltr'><strong>pontificatum</strong></span> <span class='ocrx_word' id='word_1_210' title='bbox 1656 1769 1762 1840; x_wconf 76' lang='lat' dir='ltr'><strong>mee.</strong></span> <span class='ocrx_word' id='word_1_211' title='bbox 1781 1794 1936 1888; x_wconf 86' lang='lat' dir='ltr'><strong>eoronam</strong></span> 
     </span>
     <span class='ocr_line' id='line_1_39' title="bbox 1194 1874 1875 1940; baseline 0.006 -4"><span class='ocrx_word' id='word_1_212' title='bbox 1194 1874 1355 1940; x_wconf 73' lang='lat' dir='ltr'><strong>dedicant</strong></span> <span class='ocrx_word' id='word_1_213' title='bbox 1871 1885 1875 1900; x_wconf 95' lang='lat'>&#39;</span> 
     </span>
     <span class='ocr_line' id='line_1_40' title="bbox 1255 1975 1990 2062; baseline -0.003 -24"><span class='ocrx_word' id='word_1_214' title='bbox 1255 1977 1370 2044; x_wconf 84' lang='lat' dir='ltr'><strong>Videri</strong></span> <span class='ocrx_word' id='word_1_215' title='bbox 1385 1979 1488 2062; x_wconf 83' lang='lat' dir='ltr'><strong>possit</strong></span> <span class='ocrx_word' id='word_1_216' title='bbox 1504 1979 1634 2042; x_wconf 84' lang='lat' dir='ltr'><strong>obstare</strong></span> <span class='ocrx_word' id='word_1_217' title='bbox 1648 1975 1724 2041; x_wconf 79' lang='lat' dir='ltr'><strong>ltuie</strong></span> <span class='ocrx_word' id='word_1_218' title='bbox 1745 1975 1936 2051; x_wconf 75' lang='lat' dir='ltr'><strong>sententiae,</strong></span> <span class='ocrx_word' id='word_1_219' title='bbox 1985 1994 1990 2004; x_wconf 87' lang='lat'><strong>·</strong></span> 
     </span>
     <span class='ocr_line' id='line_1_41' title="bbox 1193 2077 1939 2163; baseline 0 -25"><span class='ocrx_word' id='word_1_220' title='bbox 1193 2077 1282 2163; x_wconf 83' lang='lat' dir='ltr'><strong>quod</strong></span> <span class='ocrx_word' id='word_1_221' title='bbox 1301 2079 1390 2161; x_wconf 85' lang='lat' dir='ltr'><strong>juxta</strong></span> <span class='ocrx_word' id='word_1_222' title='bbox 1409 2082 1592 2162; x_wconf 80' lang='lat' dir='ltr'><strong>provinciae</strong></span> <span class='ocrx_word' id='word_1_223' title='bbox 1618 2080 1748 2163; x_wconf 88' lang='lat' dir='ltr'><strong>imperii</strong></span> <span class='ocrx_word' id='word_1_224' title='bbox 1761 2082 1802 2140; x_wconf 86' lang='lat' dir='ltr'><strong>R.</strong></span> <span class='ocrx_word' id='word_1_225' title='bbox 1815 2084 1939 2138; x_wconf 85' lang='lat' dir='ltr'><strong>meino·</strong></span> 
     </span>
     <span class='ocr_line' id='line_1_42' title="bbox 1194 2169 1938 2250; baseline 0.013 -10"><span class='ocrx_word' id='word_1_226' title='bbox 1194 2193 1306 2241; x_wconf 87' lang='lat' dir='ltr'><strong>rantur</strong></span> <span class='ocrx_word' id='word_1_227' title='bbox 1333 2181 1429 2242; x_wconf 83' lang='lat' dir='ltr'><strong>etiarn</strong></span> <span class='ocrx_word' id='word_1_228' title='bbox 1459 2169 1655 2244; x_wconf 70' lang='lat' dir='ltr'><strong>PAR&#39;I&#39;leb</strong></span> <span class='ocrx_word' id='word_1_229' title='bbox 1678 2175 1724 2244; x_wconf 66' lang='lat' dir='ltr'><strong>etv</strong></span> <span class='ocrx_word' id='word_1_230' title='bbox 1739 2178 1938 2250; x_wconf 73' lang='lat' dir='ltr'><strong>SCYTHlAr</strong></span> 
     </span>
     <span class='ocr_line' id='line_1_43' title="bbox 1194 2269 1938 2366; baseline -0.005 -24"><span class='ocrx_word' id='word_1_231' title='bbox 1194 2281 1327 2364; x_wconf 78' lang='lat' dir='ltr'><strong>quibua,</strong></span> <span class='ocrx_word' id='word_1_232' title='bbox 1351 2295 1464 2366; x_wconf 87' lang='lat' dir='ltr'><strong>utpote</strong></span> <span class='ocrx_word' id='word_1_233' title='bbox 1480 2283 1621 2358; x_wconf 77' lang='lat' dir='ltr'><strong>exterio,</strong></span> <span class='ocrx_word' id='word_1_234' title='bbox 1643 2279 1798 2366; x_wconf 87' lang='lat' dir='ltr'><strong>imperari</strong></span> <span class='ocrx_word' id='word_1_235' title='bbox 1816 2269 1938 2340; x_wconf 83' lang='lat' dir='ltr'><strong>donum</strong></span> 
     </span>
     <span class='ocr_line' id='line_1_44' title="bbox 1192 2377 1939 2466; baseline -0.004 -24"><span class='ocrx_word' id='word_1_236' title='bbox 1192 2381 1280 2444; x_wconf 75' lang='lat' dir='ltr'><strong>istud</strong></span> <span class='ocrx_word' id='word_1_237' title='bbox 1300 2403 1365 2444; x_wconf 88' lang='lat' dir='ltr'><strong>non</strong></span> <span class='ocrx_word' id='word_1_238' title='bbox 1382 2383 1499 2466; x_wconf 89' lang='lat' dir='ltr'><strong>potuit.</strong></span> <span class='ocrx_word' id='word_1_239' title='bbox 1527 2379 1782 2466; x_wconf 70' lang='lat' dir='ltr'><strong>etenimquod</strong></span> <span class='ocrx_word' id='word_1_240' title='bbox 1805 2377 1939 2463; x_wconf 85' lang='lat' dir='ltr'><strong>provin·</strong></span> 
     </span>
     <span class='ocr_line' id='line_1_45' title="bbox 1194 2481 1938 2568; baseline -0.005 -24"><span class='ocrx_word' id='word_1_241' title='bbox 1194 2482 1264 2544; x_wconf 80' lang='lat' dir='ltr'><strong>ciue</strong></span> <span class='ocrx_word' id='word_1_242' title='bbox 1298 2501 1340 2544; x_wconf 83' lang='lat' dir='ltr'><strong>ex</strong></span> <span class='ocrx_word' id='word_1_243' title='bbox 1362 2483 1615 2558; x_wconf 84' lang='lat' dir='ltr'><strong>consuetudine,</strong></span> <span class='ocrx_word' id='word_1_244' title='bbox 1648 2503 1730 2568; x_wconf 82' lang='lat' dir='ltr'><strong>quae</strong></span> <span class='ocrx_word' id='word_1_245' title='bbox 1761 2483 1794 2543; x_wconf 89' lang='lat' dir='ltr'><strong>in</strong></span> <span class='ocrx_word' id='word_1_246' title='bbox 1826 2481 1938 2563; x_wconf 82' lang='lat' dir='ltr'><strong>legem</strong></span> 
     </span>
     <span class='ocr_line' id='line_1_46' title="bbox 1193 2581 1939 2665; baseline -0.003 -19"><span class='ocrx_word' id='word_1_247' title='bbox 1193 2581 1311 2656; x_wconf 84' lang='lat' dir='ltr'><strong>vertit,</strong></span> <span class='ocrx_word' id='word_1_248' title='bbox 1334 2583 1670 2665; x_wconf 80' lang='lat' dir='ltr'><strong>penderetolebout,</strong></span> <span class='ocrx_word' id='word_1_249' title='bbox 1702 2583 1790 2646; x_wconf 79' lang='lat' dir='ltr'><strong>istud</strong></span> <span class='ocrx_word' id='word_1_250' title='bbox 1813 2581 1939 2664; x_wconf 79' lang='lat' dir='ltr'><strong>injussu</strong></span> 
     </span>
     <span class='ocr_line' id='line_1_47' title="bbox 1191 2681 1938 2766; baseline -0.003 -22"><span class='ocrx_word' id='word_1_251' title='bbox 1191 2683 1386 2766; x_wconf 80' lang='lat' dir='ltr'><strong>praestitere</strong></span> <span class='ocrx_word' id='word_1_252' title='bbox 1412 2686 1560 2748; x_wconf 84' lang='lat' dir='ltr'><strong>nationes</strong></span> <span class='ocrx_word' id='word_1_253' title='bbox 1582 2698 1737 2758; x_wconf 77' lang='lat' dir='ltr'><strong>externe,</strong></span> <span class='ocrx_word' id='word_1_254' title='bbox 1761 2683 1829 2746; x_wconf 82' lang='lat' dir='ltr'><strong>sive</strong></span> <span class='ocrx_word' id='word_1_255' title='bbox 1849 2681 1938 2766; x_wconf 84' lang='lat' dir='ltr'><strong>quod</strong></span> 
     </span>
     <span class='ocr_line' id='line_1_48' title="bbox 1193 2783 1939 2892; baseline -0.004 -46"><span class='ocrx_word' id='word_1_256' title='bbox 1193 2783 1275 2847; x_wconf 69' lang='lat' dir='ltr'><strong>socii</strong></span> <span class='ocrx_word' id='word_1_257' title='bbox 1300 2795 1426 2858; x_wconf 76' lang='lat' dir='ltr'><strong>essent,</strong></span> <span class='ocrx_word' id='word_1_258' title='bbox 1439 2799 1554 2876; x_wconf 82' lang='lat' dir='ltr'><strong>atque</strong></span> <span class='ocrx_word' id='word_1_259' title='bbox 1580 2787 1693 2860; x_wconf 82' lang='lat' dir='ltr'><strong>amici,</strong></span> <span class='ocrx_word' id='word_1_260' title='bbox 1722 2784 1793 2846; x_wconf 72' lang='lat' dir='ltr'><strong>rire</strong></span> <span class='ocrx_word' id='word_1_261' title='bbox 1820 2796 1857 2844; x_wconf 87' lang='lat' dir='ltr'><strong>ut</strong></span> <span class='ocrx_word' id='word_1_262' title='bbox 1878 2801 1939 2892; x_wconf 87' lang='lat' dir='ltr'><strong>pet·</strong></span> 
     </span>
     <span class='ocr_line' id='line_1_49' title="bbox 1194 2875 1939 2968; baseline -0.001 -23"><span class='ocrx_word' id='word_1_263' title='bbox 1194 2905 1303 2968; x_wconf 53' lang='lat' dir='ltr'><strong>speum</strong></span> <span class='ocrx_word' id='word_1_264' title='bbox 1329 2899 1383 2947; x_wconf 86' lang='lat' dir='ltr'><strong>aut</strong></span> <span class='ocrx_word' id='word_1_265' title='bbox 1400 2901 1522 2950; x_wconf 89' lang='lat' dir='ltr'><strong>metum</strong></span> <span class='ocrx_word' id='word_1_266' title='bbox 1547 2887 1810 2950; x_wconf 83' lang='lat' dir='ltr'><strong>benevolentiam</strong></span> <span class='ocrx_word' id='word_1_267' title='bbox 1832 2875 1939 2966; x_wconf 79' lang='lat' dir='ltr'><strong>eaptu-</strong></span> 
     </span>
     <span class='ocr_line' id='line_1_50' title="bbox 1196 2985 1939 3070; baseline -0.004 -22"><span class='ocrx_word' id='word_1_268' title='bbox 1196 3000 1280 3049; x_wconf 82' lang='lat' dir='ltr'><strong>rent.</strong></span> <span class='ocrx_word' id='word_1_269' title='bbox 1305 2985 1464 3049; x_wconf 74' lang='lat' dir='ltr'><strong>sinerum</strong></span> <span class='ocrx_word' id='word_1_270' title='bbox 1483 2999 1553 3062; x_wconf 80' lang='lat' dir='ltr'><strong>eet,</strong></span> <span class='ocrx_word' id='word_1_271' title='bbox 1576 2988 1665 3070; x_wconf 92' lang='lat' dir='ltr'><strong>quod</strong></span> <span class='ocrx_word' id='word_1_272' title='bbox 1685 2985 1939 3051; x_wconf 76' lang='grc' dir='ltr'>ιοιοιιΡΙιοιίιιι</span> 
     </span>
     <span class='ocr_line' id='line_1_51' title="bbox 1190 3086 1937 3152; baseline -0.004 -2"><span class='ocrx_word' id='word_1_273' title='bbox 1190 3109 1231 3150; x_wconf 83' lang='lat' dir='ltr'><strong>ex</strong></span> <span class='ocrx_word' id='word_1_274' title='bbox 1243 3091 1419 3152; x_wconf 84' lang='lat' dir='ltr'><strong>Memnone</strong></span> <span class='ocrx_word' id='word_1_275' title='bbox 1434 3100 1568 3152; x_wconf 84' lang='lat' dir='ltr'><strong>auctore</strong></span> <span class='ocrx_word' id='word_1_276' title='bbox 1583 3087 1737 3150; x_wconf 79' lang='lat' dir='ltr'><strong>historiae</strong></span> <span class='ocrx_word' id='word_1_277' title='bbox 1754 3086 1937 3150; x_wconf 80' lang='lat' dir='ltr'><strong>Heracleae</strong></span> 
     </span>
    </p>
   </div>
   <div class='ocr_carea' id='block_1_6' title="bbox 388 3185 1938 3272">
    <p class='ocr_par' dir='ltr' id='par_1_6' title="bbox 388 3185 1938 3272">
     <span class='ocr_line' id='line_1_52' title="bbox 388 3185 1938 3272; baseline 0.001 -26"><span class='ocrx_word' id='word_1_278' title='bbox 388 3185 540 3248; x_wconf 69' lang='lat' dir='ltr'><strong>stimonia</strong></span> <span class='ocrx_word' id='word_1_279' title='bbox 555 3187 697 3272; x_wconf 87' lang='lat' dir='ltr'><strong>iniquam</strong></span> <span class='ocrx_word' id='word_1_280' title='bbox 708 3187 854 3251; x_wconf 80' lang='lat' dir='ltr'><strong>Turnebi</strong></span> <span class='ocrx_word' id='word_1_281' title='bbox 871 3189 1131 3253; x_wconf 82' lang='lat' dir='ltr'><strong>criminationem</strong></span> <span class='ocrx_word' id='word_1_282' title='bbox 1188 3187 1303 3264; x_wconf 88' lang='lat' dir='ltr'><strong>Ponti,</strong></span> <span class='ocrx_word' id='word_1_283' title='bbox 1326 3189 1464 3250; x_wconf 80' lang='lat' dir='ltr'><strong>Romani</strong></span> <span class='ocrx_word' id='word_1_284' title='bbox 1484 3188 1670 3250; x_wconf 75' lang='lat' dir='ltr'><strong>Alexandro</strong></span> <span class='ocrx_word' id='word_1_285' title='bbox 1688 3193 1733 3250; x_wconf 82' lang='grc' dir='ltr'><strong>Μ.</strong></span> <span class='ocrx_word' id='word_1_286' title='bbox 1752 3185 1913 3250; x_wconf 78' lang='lat' dir='ltr'><strong>bellem</strong></span> <span class='ocrx_word' id='word_1_287' title='bbox 1904 3207 1938 3251; x_wconf 92' lang='grc' dir='ltr'><strong>ιιι</strong></span> 
     </span>
    </p>
   </div>
   <div class='ocr_carea' id='block_1_7' title="bbox 380 3391 1176 4484">
    <p class='ocr_par' dir='ltr' id='par_1_7' title="bbox 380 3391 1136 4484">
     <span class='ocr_line' id='line_1_53' title="bbox 387 3391 1131 3469; baseline 0.007 -22"><span class='ocrx_word' id='word_1_288' title='bbox 387 3391 471 3449; x_wconf 76' lang='lat' dir='ltr'><strong>nrrtli</strong></span> <span class='ocrx_word' id='word_1_289' title='bbox 478 3432 487 3462; x_wconf 85' lang='lat'>‚</span> <span class='ocrx_word' id='word_1_290' title='bbox 510 3409 531 3450; x_wconf 88' lang='lat' dir='ltr'><strong>u</strong></span> <span class='ocrx_word' id='word_1_291' title='bbox 545 3394 801 3469; x_wconf 78' lang='lat' dir='ltr'><strong>provincialibut</strong></span> <span class='ocrx_word' id='word_1_292' title='bbox 813 3397 908 3455; x_wconf 81' lang='lat' dir='ltr'><strong>detor</strong></span> <span class='ocrx_word' id='word_1_293' title='bbox 921 3395 997 3454; x_wconf 81' lang='lat' dir='ltr'><strong>bene</strong></span> <span class='ocrx_word' id='word_1_294' title='bbox 1010 3395 1131 3454; x_wconf 70' lang='lat' dir='ltr'><strong>nterim</strong></span> 
     </span>
     <span class='ocr_line' id='line_1_54' title="bbox 388 3491 1134 3571; baseline 0.011 -23"><span class='ocrx_word' id='word_1_295' title='bbox 388 3491 564 3552; x_wconf 65' lang='lat' dir='ltr'><strong>reetombm</strong></span> <span class='ocrx_word' id='word_1_296' title='bbox 585 3494 680 3564; x_wconf 77' lang='lat' dir='ltr'><strong>initio</strong></span> <span class='ocrx_word' id='word_1_297' title='bbox 702 3512 856 3566; x_wconf 77' lang='lat' dir='ltr'><strong>coronae,</strong></span> <span class='ocrx_word' id='word_1_298' title='bbox 883 3502 997 3571; x_wconf 71' lang='lat' dir='ltr'><strong>poetae</strong></span> <span class='ocrx_word' id='word_1_299' title='bbox 1020 3513 1134 3556; x_wconf 74' lang='lat' dir='ltr'><strong>eumen</strong></span> 
     </span>
     <span class='ocr_line' id='line_1_55' title="bbox 383 3590 1134 3676; baseline 0.005 -24"><span class='ocrx_word' id='word_1_300' title='bbox 383 3610 444 3667; x_wconf 82' lang='lat' dir='ltr'><strong>pro</strong></span> <span class='ocrx_word' id='word_1_301' title='bbox 457 3590 609 3666; x_wconf 51' lang='lat' dir='ltr'><strong>&#39;cornuin</strong></span> <span class='ocrx_word' id='word_1_302' title='bbox 632 3595 774 3655; x_wconf 73' lang='lat' dir='ltr'><strong>hominen</strong></span> <span class='ocrx_word' id='word_1_303' title='bbox 787 3596 996 3676; x_wconf 74' lang='lat' dir='ltr'><strong>antiquitatis</strong></span> <span class='ocrx_word' id='word_1_304' title='bbox 1013 3593 1134 3674; x_wconf 67' lang='lat' dir='ltr'><strong>ionari.</strong></span> 
     </span>
     <span class='ocr_line' id='line_1_56' title="bbox 386 3687 1133 3778; baseline 0.013 -28"><span class='ocrx_word' id='word_1_305' title='bbox 386 3687 619 3752; x_wconf 69' lang='lat' dir='ltr'><strong>observandas</strong></span> <span class='ocrx_word' id='word_1_306' title='bbox 641 3706 813 3775; x_wconf 85' lang='lat' dir='ltr'><strong>praeterea</strong></span> <span class='ocrx_word' id='word_1_307' title='bbox 840 3706 935 3778; x_wconf 76' lang='lat' dir='ltr'><strong>typus</strong></span> <span class='ocrx_word' id='word_1_308' title='bbox 959 3713 1133 3778; x_wconf 80' lang='lat' dir='ltr'><strong>expreteut</strong></span> 
     </span>
     <span class='ocr_line' id='line_1_57' title="bbox 380 3789 1132 3879; baseline 0.015 -29"><span class='ocrx_word' id='word_1_309' title='bbox 380 3789 418 3850; x_wconf 89' lang='lat' dir='ltr'><strong>io</strong></span> <span class='ocrx_word' id='word_1_310' title='bbox 442 3810 541 3853; x_wconf 87' lang='lat' dir='ltr'><strong>numo</strong></span> <span class='ocrx_word' id='word_1_311' title='bbox 570 3795 727 3872; x_wconf 81' lang='lat' dir='ltr'><strong>Africae,</strong></span> <span class='ocrx_word' id='word_1_312' title='bbox 759 3794 816 3879; x_wconf 88' lang='lat' dir='ltr'><strong>qui</strong></span> <span class='ocrx_word' id='word_1_313' title='bbox 844 3795 929 3858; x_wconf 82' lang='lat' dir='ltr'><strong>aietit</strong></span> <span class='ocrx_word' id='word_1_314' title='bbox 955 3796 1132 3860; x_wconf 81' lang='lat' dir='ltr'><strong>mulierem</strong></span> 
     </span>
     <span class='ocr_line' id='line_1_58' title="bbox 384 3892 1135 3978; baseline 0.011 -26"><span class='ocrx_word' id='word_1_315' title='bbox 384 3909 528 3975; x_wconf 83' lang='lat' dir='ltr'><strong>propere</strong></span> <span class='ocrx_word' id='word_1_316' title='bbox 558 3892 780 3978; x_wconf 79' lang='lat' dir='ltr'><strong>gradientem,</strong></span> <span class='ocrx_word' id='word_1_317' title='bbox 801 3895 957 3960; x_wconf 87' lang='lat' dir='ltr'><strong>nimirum</strong></span> <span class='ocrx_word' id='word_1_318' title='bbox 988 3896 1135 3960; x_wconf 79' lang='lat' dir='ltr'><strong>sedulam</strong></span> 
     </span>
     <span class='ocr_line' id='line_1_59' title="bbox 382 3992 1136 4080; baseline 0.009 -26"><span class='ocrx_word' id='word_1_319' title='bbox 382 3992 418 4054; x_wconf 88' lang='lat' dir='ltr'><strong>in</strong></span> <span class='ocrx_word' id='word_1_320' title='bbox 443 3992 614 4067; x_wconf 80' lang='lat' dir='ltr'><strong>offerenda</strong></span> <span class='ocrx_word' id='word_1_321' title='bbox 634 4015 772 4072; x_wconf 87' lang='lat' dir='ltr'><strong>corona,</strong></span> <span class='ocrx_word' id='word_1_322' title='bbox 804 4017 900 4080; x_wconf 83' lang='lat' dir='ltr'><strong>quam</strong></span> <span class='ocrx_word' id='word_1_323' title='bbox 925 4017 1022 4059; x_wconf 83' lang='lat' dir='ltr'><strong>manu</strong></span> <span class='ocrx_word' id='word_1_324' title='bbox 1042 4017 1136 4080; x_wconf 85' lang='lat' dir='ltr'><strong>prae·</strong></span> 
     </span>
     <span class='ocr_line' id='line_1_60' title="bbox 387 4092 1136 4174; baseline 0.005 -20"><span class='ocrx_word' id='word_1_325' title='bbox 387 4092 464 4160; x_wconf 85' lang='lat' dir='ltr'><strong>iert·</strong></span> <span class='ocrx_word' id='word_1_326' title='bbox 493 4097 554 4162; x_wconf 78' lang='lat' dir='ltr'><strong>Eat</strong></span> <span class='ocrx_word' id='word_1_327' title='bbox 577 4095 659 4158; x_wconf 86' lang='lat' dir='ltr'><strong>haee</strong></span> <span class='ocrx_word' id='word_1_328' title='bbox 690 4117 812 4160; x_wconf 83' lang='lat' dir='ltr'><strong>corona</strong></span> <span class='ocrx_word' id='word_1_329' title='bbox 841 4095 974 4174; x_wconf 74' lang='lat' dir='ltr'><strong>majori·</strong></span> <span class='ocrx_word' id='word_1_330' title='bbox 998 4097 1136 4160; x_wconf 79' lang='lat' dir='ltr'><strong>volumi-</strong></span> 
     </span>
     <span class='ocr_line' id='line_1_61' title="bbox 387 4193 1132 4282; baseline 0.01 -30"><span class='ocrx_word' id='word_1_331' title='bbox 387 4193 456 4268; x_wconf 71' lang='lat' dir='ltr'><strong>nis,</strong></span> <span class='ocrx_word' id='word_1_332' title='bbox 475 4215 576 4276; x_wconf 78' lang='lat' dir='ltr'><strong>quam</strong></span> <span class='ocrx_word' id='word_1_333' title='bbox 592 4196 742 4262; x_wconf 80' lang='lat' dir='ltr'><strong>rideatur</strong></span> <span class='ocrx_word' id='word_1_334' title='bbox 765 4198 933 4282; x_wconf 76' lang='lat' dir='ltr'><strong>pertulere</strong></span> <span class='ocrx_word' id='word_1_335' title='bbox 947 4197 1132 4281; x_wconf 90' lang='lat' dir='ltr'><strong>proportio·</strong></span> 
     </span>
     <span class='ocr_line' id='line_1_62' title="bbox 386 4293 1136 4384; baseline 0.012 -32"><span class='ocrx_word' id='word_1_336' title='bbox 386 4293 437 4355; x_wconf 78' lang='lat' dir='ltr'><strong>nia</strong></span> <span class='ocrx_word' id='word_1_337' title='bbox 462 4293 538 4369; x_wconf 84' lang='lat' dir='ltr'><strong>lex,</strong></span> <span class='ocrx_word' id='word_1_338' title='bbox 560 4313 680 4378; x_wconf 88' lang='lat' dir='ltr'><strong>nempe</strong></span> <span class='ocrx_word' id='word_1_339' title='bbox 706 4299 740 4361; x_wconf 92' lang='lat' dir='ltr'><strong>in</strong></span> <span class='ocrx_word' id='word_1_340' title='bbox 760 4297 1028 4374; x_wconf 79' lang='lat' dir='ltr'><strong>ostentationem,</strong></span> <span class='ocrx_word' id='word_1_341' title='bbox 1059 4319 1136 4384; x_wconf 85' lang='lat' dir='ltr'><strong>qua·</strong></span> 
     </span>
     <span class='ocr_line' id='line_1_63' title="bbox 387 4391 1176 4484; baseline 0.011 -30"><span class='ocrx_word' id='word_1_342' title='bbox 387 4393 439 4455; x_wconf 83' lang='lat' dir='ltr'><strong>lea</strong></span> <span class='ocrx_word' id='word_1_343' title='bbox 457 4391 551 4484; x_wconf 78' lang='lat' dir='ltr'><strong>inere</strong></span> <span class='ocrx_word' id='word_1_344' title='bbox 567 4393 661 4470; x_wconf 83' lang='lat' dir='ltr'><strong>illae,</strong></span> <span class='ocrx_word' id='word_1_345' title='bbox 687 4417 824 4483; x_wconf 85' lang='lat' dir='ltr'><strong>quarum</strong></span> <span class='ocrx_word' id='word_1_346' title='bbox 842 4398 1062 4464; x_wconf 87' lang='lat' dir='ltr'><strong>meminerunt</strong></span> <span class='ocrx_word' id='word_1_347' title='bbox 1083 4397 1176 4463; x_wconf 86' lang='lat' dir='ltr'><strong>lu·</strong></span> 
     </span>
    </p>
   </div>
   <div class='ocr_carea' id='block_1_8' title="bbox 279 3287 1939 3374">
    <p class='ocr_par' dir='ltr' id='par_1_8' title="bbox 279 3287 1939 3374">
     <span class='ocr_line' id='line_1_64' title="bbox 279 3287 1939 3374; baseline 0.001 -28"><span class='ocrx_word' id='word_1_348' title='bbox 279 3307 280 3310; x_wconf 45' lang='lat'>¹</span> <span class='ocrx_word' id='word_1_349' title='bbox 387 3301 546 3368; x_wconf 79' lang='lat' dir='ltr'><strong>arguunt,</strong></span> <span class='ocrx_word' id='word_1_350' title='bbox 569 3309 642 3352; x_wconf 88' lang='lat' dir='ltr'><strong>cum</strong></span> <span class='ocrx_word' id='word_1_351' title='bbox 661 3291 706 3352; x_wconf 87' lang='lat' dir='ltr'><strong>ait</strong></span> <span class='ocrx_word' id='word_1_352' title='bbox 722 3291 769 3370; x_wconf 82' lang='lat'><strong>¹):</strong></span> <span class='ocrx_word' id='word_1_353' title='bbox 799 3295 1038 3372; x_wconf 60' lang='lat' dir='ltr'><strong>Neganturhic</strong></span> <span class='ocrx_word' id='word_1_354' title='bbox 1054 3313 1132 3354; x_wconf 80' lang='lat' dir='ltr'><strong>non·</strong></span> <span class='ocrx_word' id='word_1_355' title='bbox 1187 3290 1305 3354; x_wconf 75' lang='lat' dir='ltr'><strong>Eeraaa</strong></span> <span class='ocrx_word' id='word_1_356' title='bbox 1324 3291 1450 3372; x_wconf 84' lang='lat' dir='ltr'><strong>paranti</strong></span> <span class='ocrx_word' id='word_1_357' title='bbox 1467 3289 1576 3374; x_wconf 84' lang='lat' dir='ltr'><strong>magni</strong></span> <span class='ocrx_word' id='word_1_358' title='bbox 1597 3291 1696 3374; x_wconf 85' lang='lat' dir='ltr'><strong>pretii</strong></span> <span class='ocrx_word' id='word_1_359' title='bbox 1712 3310 1865 3352; x_wconf 85' lang='lat' dir='ltr'><strong>eoronam</strong></span> <span class='ocrx_word' id='word_1_360' title='bbox 1884 3287 1939 3349; x_wconf 56' lang='lat' dir='ltr'><strong>eus</strong></span> 
     </span>
    </p>
   </div>
   <div class='ocr_carea' id='block_1_9' title="bbox 1190 3389 2003 4498">
    <p class='ocr_par' dir='ltr' id='par_1_9' title="bbox 1190 3389 2003 3877">
     <span class='ocr_line' id='line_1_65' title="bbox 1194 3389 1939 3455; baseline -0.003 -4"><span class='ocrx_word' id='word_1_361' title='bbox 1194 3403 1284 3451; x_wconf 80' lang='lat' dir='ltr'><strong>ream</strong></span> <span class='ocrx_word' id='word_1_362' title='bbox 1300 3389 1530 3455; x_wconf 67' lang='lat' dir='ltr'><strong>observantiae</strong></span> <span class='ocrx_word' id='word_1_363' title='bbox 1549 3413 1644 3454; x_wconf 75' lang='lat' dir='ltr'><strong>eausa</strong></span> <span class='ocrx_word' id='word_1_364' title='bbox 1662 3392 1748 3454; x_wconf 85' lang='lat' dir='ltr'><strong>‹louo</strong></span> <span class='ocrx_word' id='word_1_365' title='bbox 1768 3391 1939 3452; x_wconf 84' lang='lat' dir='ltr'><strong>miserunt.</strong></span> 
     </span>
     <span class='ocr_line' id='line_1_66' title="bbox 1191 3489 1939 3573; baseline 0.004 -22"><span class='ocrx_word' id='word_1_366' title='bbox 1191 3489 1391 3555; x_wconf 81' lang='lat' dir='ltr'><strong>Perlribente</strong></span> <span class='ocrx_word' id='word_1_367' title='bbox 1421 3491 1529 3553; x_wconf 89' lang='lat' dir='ltr'><strong>Dione</strong></span> <span class='ocrx_word' id='word_1_368' title='bbox 1546 3493 1576 3573; x_wconf 73' lang='lat'><strong>⁸)</strong></span> <span class='ocrx_word' id='word_1_369' title='bbox 1602 3493 1722 3554; x_wconf 80' lang='lat' dir='ltr'><strong>multae</strong></span> <span class='ocrx_word' id='word_1_370' title='bbox 1761 3494 1786 3552; x_wconf 79' lang='lat' dir='ltr'>L</span> <span class='ocrx_word' id='word_1_371' title='bbox 1817 3491 1939 3554; x_wconf 79' lang='lat' dir='ltr'><strong>Caesar</strong></span> 
     </span>
     <span class='ocr_line' id='line_1_67' title="bbox 1192 3591 1937 3678; baseline -0.003 -24"><span class='ocrx_word' id='word_1_372' title='bbox 1192 3611 1328 3660; x_wconf 84' lang='lat' dir='ltr'><strong>eoronaa</strong></span> <span class='ocrx_word' id='word_1_373' title='bbox 1353 3613 1372 3653; x_wconf 91' lang='lat' dir='ltr'><strong>a</strong></span> <span class='ocrx_word' id='word_1_374' title='bbox 1393 3592 1546 3674; x_wconf 80' lang='lat' dir='ltr'><strong>regibuu‚</strong></span> <span class='ocrx_word' id='word_1_375' title='bbox 1570 3591 1839 3678; x_wconf 77' lang='lat' dir='ltr'><strong>principibusque</strong></span> <span class='ocrx_word' id='word_1_376' title='bbox 1860 3603 1937 3676; x_wconf 79' lang='lat' dir='ltr'><strong>pout</strong></span> 
     </span>
     <span class='ocr_line' id='line_1_68' title="bbox 1190 3692 2003 3782; baseline 0 -27"><span class='ocrx_word' id='word_1_377' title='bbox 1190 3692 1310 3755; x_wconf 83' lang='lat' dir='ltr'><strong>relatae</strong></span> <span class='ocrx_word' id='word_1_378' title='bbox 1348 3703 1398 3756; x_wconf 85' lang='lat' dir='ltr'><strong>tot</strong></span> <span class='ocrx_word' id='word_1_379' title='bbox 1424 3714 1502 3756; x_wconf 81' lang='lat' dir='ltr'><strong>-auaa</strong></span> <span class='ocrx_word' id='word_1_380' title='bbox 1534 3694 1687 3758; x_wconf 81' lang='lat' dir='ltr'><strong>victorias</strong></span> <span class='ocrx_word' id='word_1_381' title='bbox 1718 3693 1863 3775; x_wconf 80' lang='lat' dir='ltr'><strong>aceepit,</strong></span> <span class='ocrx_word' id='word_1_382' title='bbox 1905 3705 1939 3755; x_wconf 82' lang='lat' dir='ltr'><strong>et</strong></span> <span class='ocrx_word' id='word_1_383' title='bbox 1999 3775 2003 3782; x_wconf 92' lang='lat'>.</span> 
     </span>
     <span class='ocr_line' id='line_1_69' title="bbox 1191 3787 1937 3877; baseline 0.007 -21"><span class='ocrx_word' id='word_1_384' title='bbox 1191 3792 1281 3877; x_wconf 84' lang='lat' dir='ltr'><strong>quod</strong></span> <span class='ocrx_word' id='word_1_385' title='bbox 1303 3793 1372 3856; x_wconf 87' lang='lat' dir='ltr'><strong>huo</strong></span> <span class='ocrx_word' id='word_1_386' title='bbox 1394 3794 1534 3858; x_wconf 82' lang='lat' dir='ltr'><strong>maxime</strong></span> <span class='ocrx_word' id='word_1_387' title='bbox 1559 3797 1721 3877; x_wconf 87' lang='lat' dir='ltr'><strong>pertinet,</strong></span> <span class='ocrx_word' id='word_1_388' title='bbox 1752 3797 1863 3861; x_wconf 83' lang='lat' dir='ltr'><strong>narrat</strong></span> <span class='ocrx_word' id='word_1_389' title='bbox 1886 3787 1937 3860; x_wconf 90' lang='lat' dir='ltr'><strong>lo·</strong></span> 
     </span>
    </p>

    <p class='ocr_par' dir='ltr' id='par_1_10' title="bbox 1192 3887 1964 4485">
     <span class='ocr_line' id='line_1_70' title="bbox 1194 3887 1937 3984; baseline 0.005 -28"><span class='ocrx_word' id='word_1_390' title='bbox 1194 3895 1315 3976; x_wconf 82' lang='lat' dir='ltr'><strong>eephue</strong></span> <span class='ocrx_word' id='word_1_391' title='bbox 1337 3890 1395 3972; x_wconf 53' lang='grc' dir='ltr'><strong>Ι),1</strong></span> <span class='ocrx_word' id='word_1_392' title='bbox 1412 3893 1564 3958; x_wconf 82' lang='lat' dir='ltr'><strong>Parthiae</strong></span> <span class='ocrx_word' id='word_1_393' title='bbox 1592 3899 1718 3980; x_wconf 82' lang='lat' dir='ltr'><strong>Regem</strong></span> <span class='ocrx_word' id='word_1_394' title='bbox 1740 3887 1937 3984; x_wconf 76' lang='lat' dir='ltr'><strong>Volagasem</strong></span> 
     </span>
     <span class='ocr_line' id='line_1_71' title="bbox 1195 3995 1940 4062; baseline 0.008 -6"><span class='ocrx_word' id='word_1_395' title='bbox 1195 3995 1271 4056; x_wconf 83' lang='lat' dir='ltr'><strong>Tito</strong></span> <span class='ocrx_word' id='word_1_396' title='bbox 1300 3995 1349 4057; x_wconf 86' lang='lat' dir='ltr'><strong>-ob</strong></span> <span class='ocrx_word' id='word_1_397' title='bbox 1371 3995 1516 4058; x_wconf 83' lang='lat' dir='ltr'><strong>relatam</strong></span> <span class='ocrx_word' id='word_1_398' title='bbox 1543 3995 1584 4058; x_wconf 76' lang='lat' dir='ltr'><strong>aa</strong></span> <span class='ocrx_word' id='word_1_399' title='bbox 1616 3997 1743 4061; x_wconf 77' lang='lat' dir='ltr'><strong>ludaeii</strong></span> <span class='ocrx_word' id='word_1_400' title='bbox 1770 3999 1940 4062; x_wconf 84' lang='lat' dir='ltr'><strong>victoriam</strong></span> 
     </span>
     <span class='ocr_line' id='line_1_72' title="bbox 1193 4095 1964 4185; baseline 0.006 -28"><span class='ocrx_word' id='word_1_401' title='bbox 1193 4095 1319 4158; x_wconf 78' lang='lat' dir='ltr'><strong>misisse</strong></span> <span class='ocrx_word' id='word_1_402' title='bbox 1347 4115 1502 4159; x_wconf 82' lang='lat' dir='ltr'><strong>eoronam</strong></span> <span class='ocrx_word' id='word_1_403' title='bbox 1524 4117 1676 4176; x_wconf 89' lang='lat' dir='ltr'><strong>auream,</strong></span> <span class='ocrx_word' id='word_1_404' title='bbox 1708 4119 1816 4185; x_wconf 76' lang='lat' dir='ltr'><strong>neque</strong></span> <span class='ocrx_word' id='word_1_405' title='bbox 1838 4095 1964 4162; x_wconf 79' lang='lat' dir='ltr'><strong>aboli-¹</strong></span> 
     </span>
     <span class='ocr_line' id='line_1_73' title="bbox 1192 4195 1937 4274; baseline 0.001 -15"><span class='ocrx_word' id='word_1_406' title='bbox 1192 4210 1261 4260; x_wconf 88' lang='lat' dir='ltr'><strong>tum</strong></span> <span class='ocrx_word' id='word_1_407' title='bbox 1279 4195 1367 4258; x_wconf 87' lang='lat' dir='ltr'><strong>huno</strong></span> <span class='ocrx_word' id='word_1_408' title='bbox 1392 4195 1493 4258; x_wconf 81' lang='lat' dir='ltr'><strong>luisse</strong></span> <span class='ocrx_word' id='word_1_409' title='bbox 1513 4217 1593 4260; x_wconf 85' lang='lat' dir='ltr'><strong>aero</strong></span> <span class='ocrx_word' id='word_1_410' title='bbox 1615 4197 1773 4262; x_wconf 86' lang='lat' dir='ltr'><strong>inferiore</strong></span> <span class='ocrx_word' id='word_1_411' title='bbox 1799 4219 1937 4274; x_wconf 80' lang='lat' dir='ltr'><strong>morem,</strong></span> 
     </span>
     <span class='ocr_line' id='line_1_74' title="bbox 1192 4295 1940 4392; baseline 0 -30"><span class='ocrx_word' id='word_1_412' title='bbox 1192 4309 1330 4362; x_wconf 79' lang='lat' dir='ltr'><strong>testatur</strong></span> <span class='ocrx_word' id='word_1_413' title='bbox 1355 4295 1518 4392; x_wconf 74' lang='lat' dir='ltr'><strong>Eusebiae</strong></span> <span class='ocrx_word' id='word_1_414' title='bbox 1540 4319 1676 4362; x_wconf 80' lang='lat' dir='ltr'><strong>narrans</strong></span> <span class='ocrx_word' id='word_1_415' title='bbox 1701 4301 1752 4381; x_wconf 74' lang='lat' dir='ltr'><strong>a),</strong></span> <span class='ocrx_word' id='word_1_416' title='bbox 1785 4301 1940 4364; x_wconf 80' lang='lat' dir='ltr'><strong>Constan-</strong></span> 
     </span>
     <span class='ocr_line' id='line_1_75' title="bbox 1192 4385 1941 4498; baseline 0.004 -38"><span class='ocrx_word' id='word_1_417' title='bbox 1192 4385 1262 4460; x_wconf 82' lang='lat' dir='ltr'><strong>tino</strong></span> <span class='ocrx_word' id='word_1_418' title='bbox 1277 4419 1296 4462; x_wconf 90' lang='lat' dir='ltr'><strong>a</strong></span> <span class='ocrx_word' id='word_1_419' title='bbox 1314 4385 1542 4498; x_wconf 73' lang='lat' dir='ltr'><strong>remotissimia</strong></span> <span class='ocrx_word' id='word_1_420' title='bbox 1565 4399 1720 4485; x_wconf 76' lang='lat' dir='ltr'><strong>gentibue</strong></span> <span class='ocrx_word' id='word_1_421' title='bbox 1742 4399 1867 4463; x_wconf 84' lang='lat' dir='ltr'><strong>oblatae</strong></span> <span class='ocrx_word' id='word_1_422' title='bbox 1885 4419 1941 4464; x_wconf 92' lang='lat' dir='ltr'><strong>eo·</strong></span> 
     </span>
    </p>
   </div>
   <div class='ocr_carea' id='block_1_10' title="bbox 381 4621 1937 4827">
    <p class='ocr_par' dir='ltr' id='par_1_11' title="bbox 381 4621 1937 4827">
     <span class='ocr_line' id='line_1_76' title="bbox 445 4621 1937 4734; baseline 0.003 -27"><span class='ocrx_word' id='word_1_423' title='bbox 445 4654 476 4722; x_wconf 78' lang='lat' dir='ltr'><strong>a)</strong></span> <span class='ocrx_word' id='word_1_424' title='bbox 494 4649 535 4708; x_wconf 84' lang='lat' dir='ltr'><strong>ad</strong></span> <span class='ocrx_word' id='word_1_425' title='bbox 551 4651 646 4712; x_wconf 83' lang='lat' dir='ltr'><strong>Cicer.</strong></span> <span class='ocrx_word' id='word_1_426' title='bbox 662 4663 734 4710; x_wconf 80' lang='lat' dir='ltr'><strong>orat.</strong></span> <span class='ocrx_word' id='word_1_427' title='bbox 752 4651 788 4709; x_wconf 88' lang='lat' dir='ltr'><strong>da</strong></span> <span class='ocrx_word' id='word_1_428' title='bbox 804 4651 868 4730; x_wconf 79' lang='lat' dir='ltr'><strong>lege</strong></span> <span class='ocrx_word' id='word_1_429' title='bbox 882 4675 942 4734; x_wconf 77' lang='lat' dir='ltr'><strong>agr.</strong></span> <span class='ocrx_word' id='word_1_430' title='bbox 954 4675 977 4715; x_wconf 89' lang='lat' dir='ltr'><strong>e.</strong></span> <span class='ocrx_word' id='word_1_431' title='bbox 993 4665 1020 4719; x_wconf 77' lang='grc' dir='ltr'><strong>ἵι.</strong></span> <span class='ocrx_word' id='word_1_432' title='bbox 1074 4655 1110 4730; x_wconf 84' lang='lat' dir='ltr'><strong>b)</strong></span> <span class='ocrx_word' id='word_1_433' title='bbox 1133 4655 1237 4714; x_wconf 57' lang='lat' dir='ltr'><strong>sarx.</strong></span> <span class='ocrx_word' id='word_1_434' title='bbox 1255 4668 1300 4730; x_wconf 77' lang='lat'><strong>39.</strong></span> <span class='ocrx_word' id='word_1_435' title='bbox 1357 4660 1387 4732; x_wconf 86' lang='lat' dir='ltr'><strong>e)</strong></span> <span class='ocrx_word' id='word_1_436' title='bbox 1407 4657 1438 4714; x_wconf 88' lang='lat' dir='ltr'><strong>in</strong></span> <span class='ocrx_word' id='word_1_437' title='bbox 1452 4649 1623 4712; x_wconf 81' lang='lat' dir='ltr'><strong>Donatioae</strong></span> <span class='ocrx_word' id='word_1_438' title='bbox 1644 4673 1784 4712; x_wconf 83' lang='lat' dir='ltr'><strong>coronae.</strong></span> <span class='ocrx_word' id='word_1_439' title='bbox 1842 4641 1880 4729; x_wconf 67' lang='lat' dir='ltr'><strong>dl</strong></span> <span class='ocrx_word' id='word_1_440' title='bbox 1897 4621 1937 4712; x_wconf 82' lang='lat' dir='ltr'><strong>ele</strong></span> 
     </span>
     <span class='ocr_line' id='line_1_77' title="bbox 381 4739 1934 4827; baseline 0.004 -30"><span class='ocrx_word' id='word_1_441' title='bbox 381 4739 597 4801; x_wconf 73' lang='lat' dir='ltr'><strong>Cotouamilit</strong></span> <span class='ocrx_word' id='word_1_442' title='bbox 655 4745 686 4817; x_wconf 88' lang='lat' dir='ltr'><strong>e)</strong></span> <span class='ocrx_word' id='word_1_443' title='bbox 705 4742 736 4800; x_wconf 85' lang='lat' dir='ltr'><strong>L.</strong></span> <span class='ocrx_word' id='word_1_444' title='bbox 748 4741 835 4803; x_wconf 79' lang='lat' dir='ltr'><strong>XLll·</strong></span> <span class='ocrx_word' id='word_1_445' title='bbox 854 4749 878 4820; x_wconf 67' lang='lat' dir='ltr'><strong>t.</strong></span> <span class='ocrx_word' id='word_1_446' title='bbox 887 4752 932 4820; x_wconf 76' lang='lat'><strong>49.</strong></span> <span class='ocrx_word' id='word_1_447' title='bbox 983 4744 1355 4822; x_wconf 75' lang='lat' dir='ltr'><strong>oeass.1ud.t.vss.c:5.</strong></span> <span class='ocrx_word' id='word_1_448' title='bbox 1406 4749 1438 4827; x_wconf 81' lang='lat' dir='ltr'><strong>g)</strong></span> <span class='ocrx_word' id='word_1_449' title='bbox 1459 4747 1490 4806; x_wconf 88' lang='lat' dir='ltr'><strong>in</strong></span> <span class='ocrx_word' id='word_1_450' title='bbox 1505 4742 1845 4808; x_wconf 67' lang='lat' dir='ltr'><strong>vincentiam</strong></span> <span class='ocrx_word' id='word_1_451' title='bbox 1863 4763 1887 4803; x_wconf 87' lang='lat' dir='ltr'><strong>e.</strong></span> <span class='ocrx_word' id='word_1_452' title='bbox 1908 4759 1934 4811; x_wconf 75' lang='grc'><strong>7·</strong></span> 
     </span>
    </p>
   </div>
   <div class='ocr_carea' id='block_1_11' title="bbox 0 0 2139 5516">
    <p class='ocr_par' dir='ltr' id='par_1_12' title="bbox 0 0 2139 5516">
     <span class='ocr_line' id='line_1_78' title="bbox 0 0 2139 5516; baseline 0 0"><span class='ocrx_word' id='word_1_453' title='bbox 0 0 2139 5516; x_wconf 95' lang='lat' dir='ltr'><strong> </strong></span> 
     </span>
    </p>
   </div>
  </div>
 </body>
</html>
