4224 5506
401 499 451 582 ut
842 485 887 565 u.
938 477 1243 557 avnsurvs
1294 453 1520 562 vuavss

403 649 855 757 describit‚bueogenerstirn
873 673 921 756 ¹)=
938 655 1147 744 tmaanarst'
1202 629 1279 730 nec·
1306 633 1486 728 abundasse
1517 641 1689 728 iirtotibu's
1716 637 1768 742 i),
1800 663 1877 747 quin
1915 677 1947 730 et

399 769 480 851 ciurrp
503 766 598 831 imre
615 767 697 854 ἅρμα
719 766 830 848 murdse
847 797 882 835 rr
910 797 958 834 rue
988 767 1138 848 caederer,

402 893 452 929 sur
484 868 534 932 im
567 893 624 932 rtur
648 895 801 958 παρῃορωι
829 871 1013 954 §surrento
1045 865 1145 944 titStvt

404 987 578 1054 “v‘i‘i‘m‘ss
624 978 786 1040 Vetuntur
822 983 930 1040 eodem
958 993 1051 1038 curm
1082 972 1148 1050 filii

1202 787 1327 829 amasse
1339 767 1422 829 ineo
1437 767 1634 830 Antoninum
1647 765 1888 849 simplicitatem
1899 766 1947 826 in-

1203 867 1308 951 genii,
1331 881 1364 930 et
1379 869 1551 951 puritatem
1568 867 1670 930 refert
1694 871 1734 945 e).
1774 872 1816 930 At
1830 865 1947 952 parum

1202 971 1275 1046 hio,
1303 984 1339 1032 nt
1367 971 1446 1032 alias
1471 969 1607 1044 crebro,
1636 989 1747 1032 secum
1772 971 1845 1052 ipso
1872 989 1947 1032 con·

399 1075 566 1155 filiaeque,
590 1077 802 1154 etsuualibus
828 1083 919 1162 equis
935 1079 1082 1157 utrinque
1093 1091 1148 1152 ye-
1204 1070 1319 1132 cordat
1334 1070 1387 1132 hio
1411 1071 1630 1153 biographus,
1663 1091 1736 1131 oum
1756 1070 1826 1152 ejus
1847 1071 1948 1133 licen·

403 1183 529 1236 utantur
553 1179 767 1239 adolescentes
780 1180 1020 1260 consanguinei.
1049 1173 1146 1234 Hunc
1202 1171 1279 1232 tiam
1305 1170 1394 1231 vitae¹
1410 1191 1470 1253 per
1496 1169 1674 1246 adulteria,
1698 1171 1808 1245 aleae,
1833 1185 1866 1233 et
1891 1191 1947 1236 oo·

401 1276 976 1362 moreminnuitquoqueCicero¹³)=
999 1285 1146 1350 Ancum
1203 1267 1425 1333 miisationu‘m
1462 1268 1762 1354 intemperantiam,
1802 1287 1946 1356 protrac-

401 1381 510 1440 sedere
527 1381 562 1438 in
578 1383 668 1461 equis
678 1383 937 1459 triumphantium
948 1375 1146 1458 praetextati

396 1481 599 1554 potissimum
612 1485 678 1560 filii
697 1487 822 1545 soleant
830 1493 888 1546 etc.
920 1474 1144 1540 Suetoniusde

401 1573 537 1639 Tiberio
554 1579 601 1654 c):
626 1585 745 1644 Dehinc
756 1587 929 1660 prebeeceus
939 1583 1072 1642 Actiaco
1089 1580 1145 1638 tri·

400 1681 514 1755 empto
530 1700 655 1742 currum
672 1688 812 1763 Auyusti
822 1664 991 1746 inmittetur
1005 1691 1053 1741 est
1066 1681 1144 1738 sini-

399 1781 532 1840 steriore
543 1781 656 1858 funali
669 1801 764 1864 equo,
789 1803 859 1844 cum
868 1785 1038 1844 Marcellus
1052 1783 1143 1841 Octa-

265 1877 273 1892 ‘
398 1881 474 1940 cicc
484 1882 573 1960 filius
589 1887 768 1945 dexteriore
786 1889 955 1946 redeatur.
985 1881 1144 1942 Domitia-

399 1999 478 2040 num
496 1981 596 2059 putris
624 1983 797 2066 fratrisque
814 1981 1014 2066 triumphum
1038 1980 1143 2041 ludoi-

399 2099 473 2140 cum
495 2082 568 2143 albo
579 2084 790 2169 conspicuum
815 2103 899 2166 equo
921 2082 1023 2146 fuisse
1043 2081 1143 2144 comi-

397 2171 519 2252 tetuin,
543 2182 682 2245 diximus
692 2185 724 2244 in
743 2183 838 2264 hujus
847 2184 955 2256 numis
973 2183 1014 2244 nd
1023 2201 1141 2244 annum

397 2277 488 2362 Ἠ).
506 2283 578 2357 beo.
601 2285 704 2378 Quam
717 2285 918 2360 bellunen,
940 2281 1142 2368 quaedocuit

398 2383 587 2466 antiquitas,
611 2385 751 2468 publicis
770 2405 900 2472 quoquo
921 2383 1139 2448 monumentis

397 2481 512 2546 ridere
532 2481 732 2550 confirmata.

570 2690 607 2750 V.
633 2691 666 2752 0.
686 2697 760 2754 922.
783 2693 818 2752 P.
841 2693 883 2754 Χ.
908 2698 978 2756 tce.

399 2785 460 2852 tt.
489 2789 525 2854 Ρ.
547 2791 606 2854 ΙΧ.
642 2793 730 2852 COS.
752 2794 815 2855 111.
846 2796 949 2856 Atti.
981 2793 1136 2856 PAttrtt.

625 2895 735 2958 MAX.
759 2896 848 2956 tntt’.
875 2899 911 2958 V.

456 3093 532 3152 Hoc
558 3111 662 3168 suno,
684 3114 721 3156 sc
742 3096 848 3158 medis
863 3095 994 3178 quidem
1018 3093 1137 3174 hyeme

395 3201 529 3252 auctore
544 3191 669 3254 Galeno
687 3193 916 3262 Veruseadem
932 3194 1048 3258 lectica
1063 3215 1138 3258 cum

395 3288 498 3352 fratre
516 3305 684 3376 portatus,
715 3308 748 3356 et
771 3297 942 3378 apoplexis
965 3310 1138 3380 correptus

395 3389 481 3473 apud
512 3391 661 3456 Altinum
685 3384 886 3460 Venetorum
920 3397 1058 3458 moritur
1079 3396 1140 3456 im·

394 3491 481 3573 perii
502 3515 587 3558 suno
604 3495 660 3558 lx„
684 3495 800 3558 setstis
816 3497 965 3561 XXXIX.
993 3497 1046 3560 vel
1066 3498 1136 3558 XL.

394 3590 504 3652 Dubia
522 3593 563 3656 de
584 3593 654 3676 ejus
680 3615 755 3659 scra
772 3609 877 3660 aetate
902 3591 1044 3681 expensa
1062 3597 1138 3664 ride

394 3691 481 3780 sppd
507 3693 754 3758 'tillemontium
782 3697 815 3758 in
837 3701 998 3766 notaxll.
1022 3701 1057 3761 in
1073 3702 1139 3762 su·

391 3791 523 3858 retium.
560 3798 727 3860 Mortuum
767 3800 990 3862 verisimiliter
1027 3800 1137 3864 medio

394 3892 543 3956 ianuario
583 3895 679 3980 hujus
720 3900 814 3974 enni,
850 3922 915 3962 non
947 3902 1136 3978 Decembri,

394 3993 482 4076 quod
508 3995 675 4084 plerisque
698 4000 818 4075 visum,
841 4000 988 4083 probabo
1011 4002 1046 4063 in
1060 3999 1138 4066 doc·

393 4093 478 4156 trina
492 4095 533 4158 de
549 4097 627 4159 trib.
644 4114 805 4184 potestate
825 4101 916 4166 Veri.
1059 4167 1063 4178 ,

459 4196 495 4258 Si
512 4199 732 4283 Capitolinum
756 4203 922 4278 audimus,
957 4223 1065 4287 neque
1089 4205 1138 4266 in·

395 4307 448 4358 ter
465 4296 591 4374 bonos,
613 4304 837 4385 nequemaior
852 4304 1018 4388 principes
1044 4304 1137 4389 poni-

397 4409 471 4473 tur,
492 4417 589 4482 quem
606 4415 731 4466 constet
743 4425 810 4468 non
825 4404 1027 4468 inhorruisse
1038 4406 1135 4482 vitiis,

1202 1385 1251 1434 tss
1266 1372 1297 1432 in
1313 1371 1442 1455 popinis
1465 1387 1595 1446 noctes,
1620 1389 1814 1457 provocatos
1841 1375 1882 1436 ad
1904 1376 1948 1436 ri·

1168 1525 1171 1536 .
1203 1492 1259 1534 xss
1278 1471 1416 1535 intimae
1428 1469 1533 1542 sordid
1550 1474 1698 1536 homines
1714 1471 1944 1564 persequitur,

1203 1575 1250 1638 sic
1264 1589 1298 1636 ut
1311 1595 1351 1636 eo
1367 1575 1438 1657 ipso
1456 1587 1540 1636 teste
1557 1574 1709 1636 vitiorum
1728 1567 1823 1659 Caji'·2
1836 1569 1959 1640 lieno·

1201 1677 1271 1748 nis,
1297 1697 1339 1740 oo
1362 1675 1487 1742 Vitellii
1503 1675 1650 1736 aemulus
1679 1679 1852 1742 exstiterit.
1889 1683 1945 1742 At·

1201 1796 1265 1862 que
1281 1775 1362 1839 haec
1384 1795 1426 1838 ne
1451 1775 1597 1859 gravius,
1627 1790 1660 1838 et
1684 1777 1716 1838 in
1734 1780 1818 1862 reip.
1833 1779 1941 1862 perni-

1201 1879 1284 1940 ciem
1305 1891 1536 1962 erumperent,
1560 1879 1629 1938 sols
1648 1893 1697 1940 est
1715 1877 1824 1940 fratris
1834 1893 1943 1942 suctu·

1200 1980 1295 2041 ritate
1311 1994 1468 2042 retentus.
1499 1977 1549 2040 Ad
1565 1977 1687 2040 bellurn
1700 1981 1888 2043 Parthicum
1902 1980 1941 2045 ab

1198 2081 1334 2142 Aurelio
1351 2081 1466 2140 missus
1483 2081 1532 2142 rei
1550 2079 1714 2164 gerendae
1731 2101 1808 2144 curs
1827 2081 1941 2164 legatis

1198 2180 1356 2262 permissa
1380 2181 1450 2264 ipse
1476 2181 1530 2241 uni
1544 2164 1714 2264 'voluptati
1728 2182 1854 2244 vacavit
1871 2195 1941 2244 acts

1199 2281 1381 2343 Laodiceae
1395 2281 1522 2360 hyeme,
1545 2281 1630 2365 apud
1642 2283 1939 2366 Daplrnenaestate‚

1197 2383 1325 2466 reliqua
1350 2397 1443 2466 parte
1465 2382 1675 2454 Antioohiae,
1716 2379 1879 2468 rediitque
1907 2384 1939 2446 in

1196 2481 1312 2544 urbem
1333 2483 1434 2544 multo
1450 2501 1511 2566 per
1530 2483 1642 2562 Syriae
1652 2483 1786 2548 delicias
1804 2505 1938 2566 corrup-

1195 2583 1269 2646 tior.
1314 2583 1435 2645 luritus
1456 2583 1497 2645 ad
1517 2581 1642 2646 beilum
1659 2585 1934 2647 Marcomonicurn

1195 2705 1268 2746 cunr
1286 2683 1389 2746 fratre
1406 2685 1594 2768 profectus,
1617 2699 1650 2748 et
1669 2685 1760 2746 breri
1781 2685 1935 2746 urbanam

1193 2786 1357 2850 licentiam
1382 2789 1571 2870 respectans
1587 2787 1728 2850 reditum
1748 2785 1934 2870 impetrarit

1192 2887 1345 2972 quidem,
1369 2901 1400 2950 at
1414 2909 1475 2971 per
1496 2889 1560 2951 iter
1580 2889 1762 2971 inopinato,
1795 2901 1831 2949 ut
1855 2887 1936 2950 dixi·

1194 3011 1285 3065 mus,
1319 2990 1405 3052 malo
1441 3011 1615 3074 oppressus
1639 2989 1772 3052 interiit.
1810 2992 1937 3072 Corpus

1195 3091 1380 3154 exanimum
1394 3089 1425 3150 in
1437 3090 1593 3151 Hadriani
1605 3091 1758 3172 sepulcro
1768 3092 1870 3175 patris
1882 3114 1935 3152 rra·

1195 3191 1309 3253 turaiis
1330 3193 1367 3252 L.
1380 3192 1465 3253 Aelii
1491 3192 1655 3256 cineribus
1680 3192 1743 3256 tuit
1768 3193 1937 3257 sociatum.

1194 3293 1286 3354 Haec
1307 3311 1347 3352 ex
1370 3293 1564 3376 Cspitolino.
1629 3355 1633 3364 ,

1258 3394 1351 3458 onr
1371 3396 1515 3472 Lucilla,
1538 3391 1579 3457 de
1596 3415 1658 3480 qna
1672 3393 1768 3458 inire.

1501 3617 1640 3678 Numi:

1334 3799 1762 3866 L.VE1tvs.·Avo.sntt
1777 3801 1933 3865 PARTE.
1949 3839 1952 3846 ·

1335 3901 1440 3962 MAX.
1457 3904 1526 3964 ΤΒ.
1554 3903 1591 3964 Ρ.
1613 3903 1715 3968 V1111.
1753 3907 1854 3984 Caput
1867 3909 1935 3968 lan·

1338 4011 1471 4064 reatum.

1195 4099 1290 4166 COS.
1314 4105 1370 4164 111.
1400 4107 1502 4166 Roma
1515 4107 1650 4186 paleato
1664 4107 1786 4168 thoraci
1793 4111 1936 4170 insidens

1194 4208 1281 4266 lauri
1297 4225 1419 4266 ramum
1427 4209 1568 4286 percipit
1579 4209 1660 4270 Vero
1669 4209 1819 4288 paleptc,
1841 4219 1936 4288 etpa-

1194 4307 1304 4366 tardato
1320 4309 1479 4381 adstanti,
1501 4309 1575 4387 ipsa
1594 4317 1677 4370 retro
1695 4331 1717 4369 n
1733 4312 1875 4371 Victoria
1885 4297 1937 4374 co·

1193 4416 1335 4469 rouatur.
1357 4407 1424 4468 ΑΕ.
1435 4429 1518 4470 max.
1534 4406 1621 4472 mod.
1639 4411 1794 4491 (Mundi.
1805 4410 1934 4490 Ducis.)
1953 4457 1960 4482 .

452 4627 484 4698 s)
506 4623 647 4684 derebus
669 4629 772 4690 Punic.
789 4633 876 4697 coo
955 4633 989 4708 h)
1009 4654 1064 4711 pro
1078 4637 1216 4694 Muraena
1233 4657 1255 4694 c.
1269 4647 1295 4702 5.
1378 4640 1408 4710 e)
1428 4637 1458 4696 in
1473 4637 1540 4696 Tib.
1561 4657 1625 4714 esp.
1642 4641 1668 4702 6.
1752 4634 1786 4704 d)
1807 4633 1933 4696 inVero

401 4733 425 4772 e.
444 4729 468 4774 t.
542 4716 572 4787 e)
592 4715 668 4774 Ibid.
691 4738 716 4780 c.
729 4729 757 4782 3.
