4220 5504
388 377 459 528 tib
777 421 1199 506 LSEPTIMIVS
1251 427 1645 503 SEVERVS·

389 624 496 709 Atque
523 619 609 684 istud
630 617 745 682 Severi
764 613 945 678 institutum
967 613 1031 696 jam
1052 609 1132 696 ipsis
1190 611 1333 694 emplum
1348 611 1484 729 appetiti
1504 610 1637 696 generis
1652 608 1828 702 nobilioris
1847 606 1943 672 dedit

387 724 576 796 aetatibus,
599 719 808 802 utoportuit,
829 714 1131 789 ridiculumvisum,
1189 715 1299 789 Nero,
1332 713 1406 798 qui,
1436 735 1511 776 oum
1539 725 1627 776 esset
1656 712 1764 797 gentis
1794 730 1858 800 per
1885 708 1942 772 ad·

389 839 423 888 et
450 821 634 886 resettllro
650 818 860 882 salsissimum
876 817 1010 900 Aspams
1025 835 1131 898 eujus
1188 815 1355 898 optionem
1382 813 1553 889 Claudiae,
1586 811 1701 876 maluit
1725 829 1800 874 esse
1825 831 1942 874 amou-

388 925 462 987 dam
487 922 628 985 hominis
650 919 1047 994 mordacissimidictum,
1077 937 1132 980 su·
1187 913 1239 976 lus
1266 914 1372 998 gentis
1390 917 1586 989 Caesareae,
1619 912 1668 988 de,
1692 932 1759 998 quo
1784 911 1865 974 olim
1887 931 1945 974 eo·

387 1025 440 1109 jus
461 1025 562 1086 multa
587 1037 654 1085 tum
680 1023 764 1084 salse
789 1043 826 1086 ae
851 1021 974 1084 urbane
1007 1019 1134 1102 prolata
1190 1015 1314 1100 piosius
1336 1015 1668 1099 agemusVol.Vlll.
1689 1013 1725 1076 in
1748 1011 1945 1078 Observatis

391 1127 523 1214 cognita
545 1124 658 1199 fuere,
682 1122 738 1206 qui
755 1142 830 1184 oum
851 1123 1009 1183 Severum
1028 1119 1134 1182 Marci
1192 1117 1411 1204 generalibus.
1533 1203 1539 1212 ,

387 1229 533 1291 familiae
570 1227 768 1310 adscriptum
792 1221 940 1296 audiret,
978 1220 1025 1282 sie
1057 1239 1132 1282 euru
1474 1259 1494 1299 ‚
1527 1211 1576 1256 ’θ
1638 1261 1659 1300 ,

389 1329 618 1414 compellavit:
639 1327 869 1408 protulerat:
894 1325 1029 1398 Caesar,
1049 1323 1137 1404 quod
1333 1325 1455 1384 Eadem
1477 1321 1624 1382 moereo.

385 1444 512 1512 patrem
534 1431 695 1510 reperisti,
734 1423 860 1487 scilieet
892 1437 1044 1506 tanquam
1079 1441 1135 1503 pa·
1191 1424 1289 1486 ΗΜ.
1308 1425 1378 1484 ΤΒ.
1402 1423 1439 1482 P.
1457 1423 1514 1480 lll.
1533 1420 1627 1483 COS.
1648 1423 1687 1484 Il.
1711 1419 1750 1484 P.
1776 1419 1816 1482 P.
1841 1423 1948 1484 uariis

388 1545 475 1594 trem
498 1545 571 1594 ante
588 1551 654 1593 non
670 1526 837 1592 habuisset
859 1539 923 1586 tam
942 1523 1083 1598 obscuro
1101 1533 1134 1584 st
1192 1527 1288 1605 typis.
1309 1521 1380 1586 AR.
1397 1524 1469 1586 ΑΕ.
1489 1525 1515 1584 1.
1534 1524 1575 1584 ll.
1599 1524 1699 1602 (Mus.
1713 1523 1826 1604 Caes.)

358 1705 363 1716 ι
390 1633 523 1694 occulto
550 1651 673 1714 genere
699 1643 792 1691 natus
797 1627 849 1708 “·.)
883 1627 927 1688 At
949 1624 1036 1686 euim
1058 1643 1135 1686 eon·

391 1733 501 1798 silium
523 1731 610 1793 istud
631 1751 832 1814 nequaquam
862 1727 896 1788 in
919 1727 1043 1788 Severo
1070 1738 1135 1786 stu·
1376 1729 1413 1788 V.
1434 1729 1466 1790 C.
1482 1733 1555 1791 949.
1572 1727 1606 1786 Ρ.
1622 1727 1665 1788 Χ.
1692 1731 1762 1790 196.

389 1835 500 1918 poris,
539 1846 593 1894 aut
628 1829 771 1894 insaniae
801 1841 1028 1916 argumentum
1061 1825 1134 1901 luit,
1197 1832 1259 1892 ΤΒ.
1295 1830 1331 1890 Ρ.
1360 1829 1420 1918 IV.
1462 1828 1551 1890 COS.
1587 1828 1632 1886 11.
1668 1827 1706 1888 P.
1744 1827 1790 1888 Μ.
1828 1827 1866 1889 Ρ.
1905 1828 1944 1889 Ρ.

392 1953 475 2019 quae
491 1933 606 1996 abillo
627 1933 727 2014 longe
749 1930 902 2006 abluere,
926 1928 984 1990 sed
1003 1949 1066 2012 qua
1088 1925 1136 1988 in·
1477 1929 1568 1990 IMP.
1594 1927 1666 1986 VH.

333 2109 337 2118 Ι
392 2047 506 2096 coctus
525 2031 606 2110 fuit,
629 2031 833 2108 calliditatis,
857 2044 891 2093 et
911 2030 1058 2093 astutiae.
1078 2031 1135 2090 Et·
1195 2035 1226 2094 C.
1245 2033 1385 2095 Domitio
1410 2029 1549 2092 Dextera
1567 2027 1612 2088 11.
1638 2030 1674 2090 1..
1698 2027 1771 2090 Vae.
1799 2029 1948 2092 Messala

394 2135 481 2196 enim
501 2149 565 2198 tam
583 2134 744 2196 illustrem
764 2133 944 2216 prosapiam
962 2129 1136 2194 ementitus
1472 2131 1583 2192 Prisco
1601 2115 1666 2192 cos.

391 2235 497 2297 multo
517 2255 552 2298 se
570 2234 673 2318 magis
688 2234 865 2316 gratiosum
884 2231 969 2316 apud
986 2233 1136 2307 militem,

392 2335 577 2420 rudemque
602 2337 759 2418 populum
778 2333 908 2408 effecit,
939 2348 1035 2416 atque
1058 2331 1136 2394 hino
1257 2323 1449 2422 Byzantium
1466 2329 1788 2417 postdiflicillimam
1809 2332 1948 2406 triennii

394 2435 448 2520 jus
475 2437 536 2498 sibi
567 2449 696 2510 natum,
738 2455 802 2519 quo
831 2455 952 2498 nomen
977 2436 1137 2496 Antonini
1194 2433 1399 2498 obsidionem
1418 2433 1460 2496 ad
1489 2431 1692 2504 deditionem
1709 2433 1853 2514 cogitur.
1889 2435 1950 2496 Se·

388 2533 623 2600 *transferrem
640 2533 742 2596 lilium
757 2535 967 2611 Bassianum,
996 2553 1136 2618 eumque
1195 2557 1292 2598 verus
1324 2535 1441 2600 orbem
1469 2531 1641 2594 moenibus
1667 2552 1705 2594 ao
1741 2533 1948 2596 ornamentis

346 2687 350 2694 .
393 2637 604 2700 Antoniniani
628 2635 767 2698 nominis
789 2636 939 2712 obtentu,
963 2635 1137 2721 quodtum
1194 2637 1352 2721 privatam
1382 2631 1561 2700 Perinthiis
1593 2631 1727 2714 subjicit
1740 2629 1785 2712 d).
1832 2632 1949 2696 Albini

395 2735 542 2802 divinum
564 2735 754 2813 ridebatur,
788 2737 1009 2802 venerabilem
1035 2735 1138 2799 omni·
1194 2738 1261 2801 rita
1285 2737 1448 2802 incassum
1464 2757 1526 2819 per
1545 2739 1856 2806 insidiasatteutata
1875 2737 1949 2796 Me·

392 2837 455 2904 bus
481 2852 593 2922 posset
622 2839 831 2902 constituere.
872 2837 915 2901 At
939 2837 1057 2901 salsum
1082 2834 1137 2898 ad·
1195 2839 1406 2922 soporamiam
1439 2838 1597 2922 relinquit
1627 2851 1743 2922 aperto
1776 2835 1948 2900 aemulum

399 2941 517 3003 struxit
543 2939 693 3005 Severus.
742 2943 842 3016 Esto,
875 2953 907 3004 at
929 2939 1056 3002 nullum
1086 2937 1138 2999 illi
1194 2939 1284 3004 bello
1305 2960 1531 3024 aggressurus.
1562 2939 1737 3008 Viminaoii
1753 2937 1950 3000 Bassianum

349 3053 356 3056 “
395 3041 507 3114 ateias,
529 3039 627 3102 modo
641 3041 810 3124 proposito
829 3041 978 3104 serviret.
1003 3041 1045 3102 At
1060 3060 1137 3102 oon·
1193 3041 1298 3105 filium
1316 3045 1483 3106 Caesarem
1499 3041 1645 3126 appellat
1659 3041 1770 3116 indito,
1784 3040 1951 3100 Antonini

397 3141 502 3204 stabat
518 3139 560 3202 de
577 3139 709 3216 fraude,
732 3155 765 3204 et
782 3141 961 3204 mendacio.
985 3137 1137 3202 Constitit
1193 3143 1337 3208 nomine.
1364 3142 1665 3206 Romaaalbinun
1689 3142 1820 3206 hostem
1850 3139 1887 3201 S.
1910 3137 1949 3200 C.

396 3259 475 3303 sane
499 3239 613 3322 peritis
635 3259 763 3316 rerunt,
787 3241 846 3303 sed
869 3241 1074 3315 imbellibus,
1103 3253 1137 3305 et
1192 3243 1332 3324 judicat,
1361 3243 1395 3304 in
1419 3245 1559 3308 Galliam
1580 3241 1724 3328 denique
1750 3241 1793 3306 ad
1819 3240 1949 3302 bellum

380 3339 570 3424 ‚occuparit
592 3341 780 3424 superstitio
797 3341 921 3404 animos
936 3341 1049 3404 militis
1065 3341 1138 3404 bar·
1192 3343 1259 3408 exit
1277 3345 1316 3427 ο).

395 3440 485 3516 bari,
516 3453 550 3503 et
574 3441 684 3524 vulgi,
712 3463 793 3526 quos
821 3443 849 3504 si
878 3442 938 3505 tibi
966 3441 1136 3508 devinctos
1351 3447 1391 3512 L.
1435 3445 1685 3514 SEPTlMlVS.
1732 3439 1950 3509 SEVERVS

396 3541 535 3615 babeas,
572 3541 747 3618 nobilium,
776 3543 1024 3628 periturumque
1046 3543 1137 3606 fasti·
1355 3548 1595 3610 PERTINAX.
1627 3546 1730 3616 RVG.
1760 3545 1851 3606 ΙΜΡ.
1877 3543 1950 3608 Vll.

397 3641 449 3708 dia
472 3638 570 3706 facile
598 3644 844 3727 contempseris.
886 3643 1035 3706 Similem
1062 3663 1136 3708 oau-
1358 3654 1459 3732 Caput
1480 3653 1673 3713 laureatum.

397 3763 464 3805 uam
488 3745 672 3826 praetexuit
694 3745 882 3810 Alexander
909 3751 972 3822 bl„
1002 3765 1078 3808 oum
1099 3763 1136 3806 se
1192 3747 1296 3816 DIVI.
1325 3751 1371 3810 Μ.
1400 3752 1468 3814 Pll.
1496 3751 1537 3812 F.
1568 3753 1606 3814 P.
1636 3753 1681 3812 Μ.
1712 3749 1783 3811 ΤΒ.
1814 3747 1857 3809 Ρ.
1878 3745 1952 3807 llll.

397 3844 565 3906 Ammonis
597 3841 700 3906 lilium
730 3845 794 3908 dici
829 3847 943 3910 voluit.
987 3851 1135 3922 Vtinam,
1195 3848 1457 3932 c08.11.1³.P.
1479 3855 1775 3930 Morssems‘nodus
1794 3851 1954 3930 polsatus

394 3943 504 4027 ajebat
518 3941 569 4025 ¹³),
607 3947 684 4008 lodi
717 3969 840 4031 quoque
866 3953 958 4012 άοιιιιι
991 3967 1060 4010 esso
1088 3967 1139 4011 me
1194 3963 1285 4014 stans
1300 3956 1331 4016 d.
1344 3957 1488 4030 hastam,
1511 3974 1537 4013 a.
1550 3955 1715 4032 elypeum,
1733 3973 1795 4030 pro
1808 3952 1954 4028 pedibus

398 4047 555 4116 credenti
575 4050 677 4108 Fumo
697 4052 782 4112 etaim
803 4051 887 4112 bello
914 4059 1078 4124 constant,
1107 4059 1140 4111 et
1195 4057 1310 4117 thorae
1315 4075 1331 4130 ,·
1353 4058 1477 4122 inalis‘s
1490 4059 1553 4118 olis·
1568 4059 1646 4136 typi.
1668 4056 1738 4116 ΔΕ.
1754 4071 1844 4116 max.
1860 4045 1952 4110 mod.

399 4165 493 4223 saepe
525 4150 638 4221 otiam,
670 4153 756 4230 qood
779 4153 869 4230 salso
900 4153 1053 4212 creditum
1079 4161 1136 4227 ert,
1195 4157 1293 4230 (Mos.
1312 4153 1404 4222 Caes.
1420 4159 1506 4239 Reg.
1524 4155 1661 4219 Galliar.
1685 4155 1752 4218 tab.
1782 4149 1949 4220 18.Vaill.

398 4250 466 4308 oen·
488 4253 587 4310 ricem
610 4251 756 4312 οὐιὶιιιιίι.
786 4249 912 4312 Eodem
931 4251 958 4313 is
985 4271 1020 4314 se
1038 4249 1136 4314 modo
1195 4259 1289 4320 Tum.
1308 4255 1365 4316 111.
1382 4277 1414 4338 p.
1434 4255 1485 4320 63.
1508 4259 1594 4320 Mus.
1613 4253 1763 4334 Albani.)

402 4362 532 4411 excusat
547 4347 821 4432 apudLueiauum
837 4351 877 4433 c).
898 4352 1066 4422 Vetustius
1082 4371 1138 4415 ex·
1247 4357 1688 4442 Epigrapheuarersaemox
1697 4355 1952 4442 explicavimus.

439 4588 719 4664 a.)1.l.XllVl..9
792 4593 1165 4668 musitatores
1238 4603 1269 4673 e)
1288 4595 1404 4676 Dialog.
1423 4610 1510 4659 mort.
1528 4605 1571 4662 to.
1647 4596 1683 4671 d)
1703 4595 1770 4658 Dio.
1786 4595 1955 4656 Herodian.

401 4675 525 4752 o)Dio,
544 4677 710 4749 Herodian,
731 4677 878 4759 Spartian.
