4178 5486
672 499 1151 580 ttassotttattvs„

121 686 241 753 sentiri
270 681 424 747 'i'ristano
454 673 639 748 sordoniam
667 683 870 752 decernenti.

120 793 218 860 Haec
234 807 298 872 qua
313 787 440 850 ratione
460 785 500 847 ad
517 789 674 848 lunonem
697 788 871 871 pertineat,

122 892 325 954 vetustiores
359 885 543 972 mythologi
579 908 646 949 non
680 889 871 966 meminere,
984 915 988 926 ·

124 1007 429 1058 commemoravere
446 1003 554 1049 tamen
579 987 683 1050 infimi
704 991 776 1053 aevi
794 989 874 1052 scri·

124 1107 243 1179 ptores
263 1092 398 1184 Graeci.
443 1092 489 1151 lta
517 1103 647 1165 auctor,
678 1091 735 1175 qui
765 1092 872 1154 estin

126 1193 309 1262 Anecslotis
339 1187 475 1254 Graecis
508 1205 643 1254 curante
672 1192 871 1260 Villoisonio

129 1296 230 1362 editis
254 1294 300 1376 ¹),
327 1313 400 1357 eum
426 1292 557 1354 lunonis
582 1292 792 1356 simulacrum
817 1295 874 1356 de·

1596 510 1670 600 359

968 688 1099 772 Αμητος
1110 688 1204 760 arbua
1219 681 1270 762 irs
1282 708 1350 764 serr
1361 671 1571 752 saraiooxror
1582 685 1667 764 ido}
1722 715 1726 724 ’

971 787 1028 870 Ta
1043 807 1079 850 os
1091 807 1152 874 >tet
1170 781 1362 869 demorarer,
1383 813 1432 850 sar
1460 777 1669 866 &construas
1713 824 1718 833 -

1320 913 1454 972 ragusae.

972 993 1088 1056 Messio
1100 997 1202 1058 moda
1211 1005 1260 1059 est
1268 999 1387 1058 circum
1395 1006 1483 1056 tuom
1493 996 1673 1057 umbrosam

1323 1097 1473 1176 fractora.
1565 1119 1569 1128 ·

973 1197 1079 1278 vcors
1088 1197 1251 1278 samius,
1273 1217 1337 1260 ooo
1345 1200 1505 1279 forficulis
1518 1200 1674 1262 eaodtou·

1327 1303 1461 1380 dandos.

116 1397 263 1473 scribit,
287 1393 460 1481 quoderat
477 1390 562 1476 apud
575 1391 699 1475 Argos,
721 1394 803 1458 baec
819 1394 874 1457 ad·
948 1449 952 1458 ,

132 1497 201 1562 dit:
222 1495 303 1558 duas
318 1485 447 1572 dantia
462 1497 581 1576 χαλῃην
603 1491 801 1577 ιὶνεβασταζεν
818 1497 876 1558 aitte

131 1608 307 1683 μιταφορας
326 1617 386 1670 ar,-
410 1613 545 1673 πειρνσης
570 1588 708 1670 delitiae
733 1617 791 1671 aar
813 1617 876 1678 τρι-

134 1683 217 1786 xor,
238 1721 288 1758 sat
313 1697 445 1776 sabaeos
465 1687 696 1772 ἆποδεικνυνυης
720 1721 757 1760 το
773 1719 875 1782 cupa,

132 1803 198 1867 ittet
216 1799 231 1864 ὅ
255 1797 312 1879 aine
333 1801 492 1876 traducere,
513 1795 559 1872 irc
574 1793 605 1858 ὃν
622 1793 877 1884 ἅλληιγοςειταιῆ

132 1901 227 1984 Heu,
250 1907 337 1988 qood
349 1901 592 1982 (simulacrum)
605 1903 786 1982 forficulom
802 1927 878 1987 qaro-

135 2025 199 2091 qoe
213 2025 354 2082 ‚aeneam
370 2007 521 2085 gestabat
542 2007 639 2064 ducta
657 2009 838 2084 metaphora
855 2027 878 2068 a

129 2109 282 2189 [arficulo
296 2109 431 2184 capillos
445 2107 602 2178 tondente,
620 2116 652 2166 et
664 2127 776 2186 corpus
786 2128 881 2168 asor·

133 2212 231 2272 dibus
239 2218 418 2288 purgante:
440 2229 496 2270 aar
509 2210 766 2288 enimport'ficat,
789 2215 881 2287 orry'us

136 2312 312 2391 symbolum
322 2305 471 2370 catiano.
487 2307 605 2370 Eidem
616 2309 795 2372 sententiae
806 2330 882 2372 con·

137 2423 219 2475 sona
234 2410 397 2494 scripsere
413 2409 509 2472 etiam
527 2409 670 2472 Codinus
686 2408 738 2496 b),
759 2425 795 2474 et
811 2412 883 2473 Sui·

137 2510 198 2575 dus
220 2513 251 2592 e)
280 2511 346 2592 jam
374 2512 546 2574 memorati
580 2513 741 2577 Tri'stano.
784 2513 881 2590 Illud,

139 2613 229 2698 quod
250 2611 373 2674 laudati
390 2613 423 2674 bi
440 2627 590 2676 auctores
608 2605 737 2688 ψαλιδα
752 2627 882 2689 vocant,

139 2709 542 2778 ClemensAlexandrinus
561 2706 711 2777 rocatdco
724 2737 885 2798 μαχαιρας

146 2837 207 2889 τας
220 2837 357 2894 acernae,
380 2820 461 2877 daos
479 2819 596 2878 cultros
619 2819 796 2893 tonsorios,
818 2837 883 2900 quo

140 2919 220 2982 loco
230 2917 406 3001 praecipit,
428 2916 575 2978 virorum
588 2916 721 2979 barbam
731 2937 796 2978 non
812 2937 886 2979 csse

141 3020 317 3092 nouacula,
341 3017 398 3078 sed
416 3019 713 3100 duabussorficibos
726 3030 887 3082 tonsorum

140 3119 353 3184 resecandam
372 3118 414 3196 d).
437 3122 566 3181 Revera
583 3119 616 3178 in
633 3119 684 3180 his
707 3119 814 3180 nuruis
831 3119 885 3180 du·

143 3223 224 3310 plex
242 3232 377 3302 apparet
399 3217 549 3281 iorfieula
568 3218 641 3300 ejus
665 3219 811 3296 formae,
834 3241 889 3282 cu·

145 3325 198 3408 jus
220 3335 294 3384 sunt
317 3322 414 3396 illae,
445 3319 562 3405 quibus
584 3321 617 3382 in
640 3323 761 3384 nostris
790 3322 889 3384 terris

148 3444 230 3488 oves
251 3422 470 3486 attondentur.
493 3424 528 3482 ln
544 3421 678 3504 parodia
699 3423 890 3500 Catulliana,

146 3547 231 3614 quae
254 3535 357 3588 exstat
379 3523 412 3583 in
439 3521 613 3587 Catalectis
637 3523 787 3605 Virgilii,
819 3523 889 3605 ejus

146 3627 320 3692 foriieulse
340 3638 372 3686 et
385 3624 492 3690 forma
510 3639 542 3688 et
557 3624 820 3711 usus·elegsnter
835 3625 891 3687 de·

147 3730 323 3796 scribiturt
890 3713 893 3720 ¹

194 3870 255 3930 Vbi
271 3870 347 3940 ista,
366 3867 609 3943 postScbious,
632 3877 707 3928 auto
723 3867 871 3944 Quinctio

190 3972 325 4032 Bideote
339 3969 421 4028 dicit
433 3971 617 4032 adtendisse
627 3965 753 4048 forcipe

195 4071 325 4133 Comata
339 4071 439 4144 oolla,
461 4089 502 4154 oe
516 4089 580 4150 quo
597 4073 758 4134 sordidum
767 4115 775 4145 ,
782 4075 867 4152 jugo

194 4173 375 4246 Proomte,
397 4175 480 4232 dura
496 4173 728 4234 autumarent
742 4175 831 4254 iudo,

151 4337 315 4424 Lepidum
342 4349 393 4401 est
423 4337 639 4421 epigramma,
677 4338 766 4424 quod
792 4353 922 4404 exstat·

151 4442 189 4504 iu
202 4439 369 4504 Analectis
386 4439 546 4504 Bruuclsii
561 4445 606 4518 e)t

190 4605 221 4676 a)
240 4604 324 4660 Tom.
342 4601 364 4658 1.
381 4623 413 4680 p.
431 4612 492 4665 208.
576 4602 610 4674 b)
628 4600 759 4677 deorig.
780 4601 1005 4678 Constantinop.
1052 4665 1054 4673 ⁴
1079 4603 1109 4674 o)
1130 4599 1160 4657 in
1179 4597 1260 4682 Heu.

155 4707 244 4754 cll.
319 4690 601 4770 e)Vol.lli.p.9.
655 4689 700 4766 l)
719 4689 751 4748 L.
769 4679 797 4750 l?
814 4709 839 4750 c.
854 4702 903 4760 31.

155 4781 283 4844 bionum.
305 4795 365 4846 ant.
384 4803 414 4861 p.
436 4791 479 4845 tlt.

933 1493 986 1559 Eu
1010 1495 1189 1576 rationem,
1216 1515 1355 1586 propter
1379 1521 1477 1586 quam
1495 1499 1604 1564 addita
1624 1502 1679 1562 Ia·
1796 1514 1799 1520 ·

932 1597 1012 1662 noni
1026 1596 1194 1677 forficula,
1216 1615 1314 1706 stgue
1332 1603 1415 1666 haec
1432 1617 1572 1686 urgente
1590 1619 1677 1664 nune

932 1701 1136 1785 pestilentia,
1159 1700 1453 1786 cuimederiposse
1469 1702 1677 1776 credebatur,

934 1802 1093 1887 singulari
1120 1823 1138 1864 a
1160 1803 1316 1865 Romanis
1344 1803 1436 1867 cultu
1457 1816 1594 1868 mamuta
1616 1813 1676 1864 est.

933 1903 1031 1979 Dixi,
1052 1905 1087 1964 in
1108 1903 1274 1966 nonnullis
1299 1905 1395 1988 hujus
1418 1903 1550 1990 generis
1571 1901 1681 1964 numia

934 2009 1023 2090 juxta
1039 2005 1184 2088 conspici
1201 2004 1265 2066 duo
1283 2005 1419 2069 adversa
1442 2007 1541 2070 boum
1562 2002 1679 2090 capita.

937 2109 1055 2168 Narrat
1072 2105 1158 2167 idem
1183 2119 1298 2168 auctor
1319 2109 1466 2171 Graecus
1483 2107 1519 2167 in
1539 2103 1679 2167 laudatis

936 2193 1249 2293 supra'Aueedotis,
1272 2209 1369 2291 Argis
1390 2221 1473 2270 stato
1496 2205 1550 2293 die
1574 2225 1683 2268 sacer·

941 2309 1050 2371 dotent
1069 2303 1223 2370 seminam
1240 2309 1390 2371 incursu
1409 2302 1555 2373 candidis
1575 2303 1682 2368 hobus

940 2409 1052 2493 juncto
1067 2411 1106 2476 ad
1120 2410 1185 2474 hoc
1206 2411 1338 2472 lunonis
1354 2409 1565 2472 simulacrum
1580 2407 1682 2470 fuisse

941 2511 1134 2588 deductam,
1165 2512 1221 2596 qui
1248 2531 1323 2600 cum
1345 2509 1519 2594 aliquando
1547 2509 1588 2571 ad
1609 2527 1685 2573 ree·

941 2625 1046 2676 tu'rum
1065 2625 1195 2698 praesto
1213 2633 1278 2676 non
1303 2625 1432 2685 essent,
1455 2611 1489 2672 in
1503 2629 1618 2673 eorum
1636 2610 1686 2670 lo·

942 2735 1017 2779 eum
1034 2732 1223 2776 successere
1235 2711 1366 2776 Cleobis
1383 2725 1417 2774 et
1428 2712 1527 2774 Biton
1544 2711 1686 2773 fratrum

941 2815 1112 2902 parturitis
1131 2816 1171 2876 ab
1190 2814 1362 2876 Herodoto
1379 2827 1515 2896 propter
1529 2811 1687 2896 pietatem

942 2917 1095 2981 laudibus
1117 2915 1319 2980 celebratum
1342 2910 1378 2995 ¹).

1008 3022 1077 3083 Cur
1094 3039 1173 3082 sero
1191 3016 1307 3080 eadem
1326 3017 1408 3079 baec
1425 3016 1505 3078 Iuno
1525 3011 1612 3075 dicta
1634 3009 1688 3075 iu·

945 3121 1010 3184 erit
1027 3123 1208 3195 Martialis,
1229 3117 1375 3181 nondum
1400 3114 1478 3176 satis
1501 3113 1688 3198 comperire
1777 3101 1787 3126 ⁰

945 3223 1047 3307 potui.
1092 3221 1368 3286 Winkelma'unus
1396 3215 1596 3278 binislocis
1618 3215 1691 3296 ejus

947 3322 1152 3408 cognominis
1188 3341 1317 3386 causam
1356 3317 1522 3400 explicare
1552 3317 1690 3381 tentavit
1747 3363 1750 3372 ,
1878 3309 1882 3324 ’

946 3421 1140 3508 applicando
1175 3421 1312 3510 lunoni,
1350 3419 1441 3504 quod
1480 3433 1610 3482 veteres
1647 3415 1691 3482 de

947 3523 1087 3611 quodam
1108 3543 1237 3606 pugnae
1253 3539 1397 3605 genere,
1419 3543 1508 3584 serra
1522 3524 1692 3600 proeliari,

946 3623 1143 3712 prodidere,
1164 3637 1263 3707 atque
1282 3623 1358 3683 binc
1378 3640 1449 3683 eam
1472 3619 1590 3683 (lictum
1607 3623 1694 3682 atra

950 3727 1063 3789 tialem
1083 3723 1237 3807 conjicit,
1260 3735 1294 3786 et
1316 3721 1415 3785 talem
1438 3723 1471 3784 in
1494 3723 1544 3784 his
1566 3719 1695 3784 Trebo-

950 3827 1039 3890 niuni
1066 3826 1173 3888 numia
1194 3817 1395 3916 propositam
1422 3823 1463 3900 Β).
1507 3829 1632 3894 Verum
1654 3831 1696 3884 art

951 3939 1130 4003 senseat,
1161 3929 1249 4014 quod
1274 3937 1355 3997 luno
1385 3933 1418 3994 in
1447 3931 1499 3992 his
1520 3925 1627 3990 numis
1648 3936 1698 3986 te·

952 4033 1034 4096 net?
1075 4035 1190 4116 Neque
1219 4036 1317 4098 etiam
1347 4036 1424 4098 satis
1452 4030 1585 4116 probari
1615 4023 1698 4089 mibi

950 4150 1062 4222 potest
1080 4134 1237 4217 judicium
1267 4137 1309 4200 cl.
1333 4135 1431 4198 Ennii
1453 4131 1602 4203 Viscouti
1623 4131 1699 4192 illu·

954 4238 1030 4302 stris
1058 4237 1094 4298 in
1124 4257 1161 4300 re
1184 4234 1364 4322 antiquaria
1393 4236 1554 4310 nominis,
1586 4231 1642 4316 qui
1663 4227 1699 4291 iu

953 4339 1062 4402 nuruis
1082 4337 1308 4423 praesentibus
1338 4359 1400 4424 pro
1422 4337 1539 4402 forfice
1559 4331 1698 4398 iascicu·
1766 4417 1769 4426 .

953 4439 1023 4504 lum
1052 4441 1251 4518 barbaram,
1280 4463 1325 4505 aa
1342 4463 1463 4522 groppo
1484 4443 1603 4516 d'erbe,
1632 4459 1699 4501 ma·

1351 4597 1386 4673 d)
1402 4599 1436 4672 ¹in
1455 4597 1578 4676 Paedsg.
1596 4599 1699 4672 ¹¹·,¹¹¹·

978 4691 1011 4767 g)
1029 4690 1120 4752 Pierr.
1139 4707 1219 4770 grav.
1239 4683 1276 4749 de
1296 4689 1401 4750 Stoscb
1419 4690 1451 4748 iu
1469 4693 1561 4770 praei.
1579 4711 1610 4771 p.
1618 4689 1700 4756 xlv.
