4186 5492
418 493 490 558 500
954 467 1235 548 GORDIANI
1265 465 1295 542 1.
1321 485 1369 541 er
1392 463 1437 540 tt.
1503 573 1515 586 ἱ

417 658 568 742 ingentes
593 665 748 738 paternae
775 650 891 720 domus
922 675 1002 740 opes
1024 653 1160 718 edendis
1216 659 1370 734 occepta,
1409 645 1597 730 laetumque
1634 641 1961 722 senatusconsultum,

417 755 862 840 munes-ibusoornprobavit.
891 757 1041 822 Maximis
1059 755 1093 819 in
1108 777 1162 818 ur·
1193 760 1283 836 'qno
1313 753 1504 836 abrogatum
1539 763 1675 830 tyranno
1704 751 1898 834 imperinm,
1928 767 1963 815 ct
2073 767 2074 772 ’

418 856 461 924 be
479 855 738 938 magistratibus,
775 870 808 918 et
833 857 964 942 duplice
990 857 1162 924 consulatu
1217 865 1396 923 maturatus
1438 853 1472 914 in
1502 850 1615 914 Africa
1649 847 1755 912 honos
1793 852 1962 919 Gordiano
2073 889 2074 898 2

417 957 610 1042 perfunctus
644 957 683 1018 ab
722 957 909 1020 Alexandro
945 959 978 1022 in
1016 958 1160 1022 Africum
1217 955 1349 1039 utrique
1368 951 1656 1018 confirmatusest.
1689 953 1733 1016 dt
1752 971 1818 1014 non
1837 953 1893 1015 diu
1913 977 1964 1017 sn·

418 1056 618 1143 proconsule
635 1057 751 1122 missus
773 1072 823 1121 est
839 1059 949 1123 addito
960 1058 1160 1143 filiolegnto.
1219 1075 1336 1140 premo
1370 1056 1497 1117 honore
1526 1051 1655 1137 perfrui
1683 1053 1778 1115 nnsis
1806 1057 1964 1138 Augustis
2073 1133 2074 1136 Ἴ

306 1236 311 1245 ¹
419 1163 468 1224 Ea
490 1159 522 1222 in
546 1157 714 1242 provincia
745 1179 818 1222 eum
851 1160 885 1222 in
908 1161 1053 1222 omnium
1075 1171 1163 1222 esset
1219 1157 1322 1220 licuit.
1373 1159 1455 1220 Nam
1494 1153 1702 1239 Capellianus
1741 1157 1963 1220 Mauretaniae

416 1259 604 1336 umoribus,
635 1273 806 1344 utrumque
844 1259 1009 1325 fortunam
1045 1281 1163 1344 repen·
1219 1271 1416 1342 procurator
1437 1257 1539 1320 iratus
1562 1255 1751 1333 Gordiano,
1774 1257 1866 1342 quod
1892 1281 1962 1325 suo·
2073 1267 2074 1344 l

418 1363 489 1426 tino
508 1381 585 1426 cusu
603 1375 758 1446 expertus
776 1373 835 1422 est.
867 1364 998 1424 Etenim
1017 1361 1165 1426 Maximi·
1221 1379 1389 1422 cessorem
1413 1357 1475 1420 sibi
1497 1357 1646 1430 miserat,
1670 1377 1744 1422 eum
1767 1381 1887 1443 magna
1908 1363 1967 1424 mi·

419 1467 457 1528 ni
484 1461 614 1549 qnidam
645 1461 677 1522 in'
704 1459 815 1524 Africa
844 1476 1055 1546 procurater,
1088 1483 1163 1526 eum
1220 1457 1315 1520 litum
1337 1481 1433 1522 manu
1457 1459 1687 1544 Carthaginem
1711 1459 1855 1522 advolat.
1895 1461 1967 1556 Qus

420 1566 462 1628 nb
483 1561 744 1647 opulentioribus
768 1562 940 1646 pecuniam
965 1565 1055 1627 omni
1077 1583 1167 1628 scer·
1222 1559 1598 1634 reseditaGordisnus,
1619 1581 1695 1623 oum
1713 1560 1876 1645 imperem
1895 1583 1966 1627 seso

420 1667 522 1728 bitnte
548 1678 644 1748 atque
671 1661 798 1744 injuriis
821 1662 987 1750 exigeret,
1009 1689 1027 1728 n
1048 1665 1167 1728 nobili·
1222 1662 1319 1724 tantis
1335 1662 1519 1727 resistendo
1537 1663 1641 1746 copiis
1659 1659 1809 1736 videret,
1830 1678 1967 1726 nestro·

421 1769 483 1830 bus
499 1765 624 1850 nliquot
645 1763 910 1826 adolescentibus
925 1767 1165 1850 conspiratione
1222 1762 1315 1826 oiora
1337 1763 1378 1825 ab
1393 1765 1489 1828 hoste
1505 1777 1694 1849 poteretur,
1716 1761 1838 1848 laqueo
1865 1783 1900 1826 se
1918 1786 1967 1826 sn-

424 1869 509 1931 suetu
532 1866 660 1928 occisus
682 1879 742 1927 est.
784 1865 926 1928 Grauius
954 1865 1018 1929 boc
1039 1861 1166 1930 facinus
1224 1865 1371 1950 spondit,
1402 1865 1474 1950 ipso
1501 1885 1633 1950 quoque
1662 1863 1733 1926 titio
1760 1864 1795 1925 in
1815 1865 1966 1942 tumultu,
2073 1899 2074 1936 ;

425 1989 499 2032 cum
520 1981 629 2039 esset,
649 1977 802 2050 qnamut
825 1965 1051 2042 sMaximiuo,
1074 1967 1166 2046 eujus
1224 1978 1258 2027 et
1278 1965 1466 2049 promiscua
1495 1964 1704 2028 multitudino
1733 1985 1853 2043 caeso,
1885 1981 1967 2051 post·
2073 2003 2074 2056 3

425 2069 557 2133 satelles
575 2067 766 2152 petebatur,
790 2065 883 2130 venia
904 2065 1036 2150 dignum
1053 2069 1167 2134 baberi
1222 2087 1340 2152 quam,
1363 2081 1400 2130 nt
1421 2065 1535 2184 colligi
1554 2080 1680 2152 potest,
1703 2086 1853 2130 mensem
1872 2091 1967 2132 unnsn

424 2183 554 2255 posset,
593 2170 748 2231 continuo
786 2167 828 2230 ad
858 2168 1077 2245 Gordianum,
1111 2171 1167 2255 qui
1224 2187 1262 2232 ac
1303 2167 1474 2232 dimidium
1513 2169 1549 2230 in
1583 2166 1788 2253 principatus
1829 2168 1968 2252 imagine

426 2269 546 2352 Tysdri
573 2283 639 2331 tum
665 2269 800 2352 agebat,
832 2254 1003 2346 adsolant,
1026 2290 1166 2357 eumque
1225 2271 1449 2334 eminuissent
1473 2270 1651 2333 Csewrum
1670 2267 1888 2346 desiderium,
1910 2293 1968 2356 qna
2073 2253 2074 2330 i

426 2371 663 2446 reluctantem,
710 2384 745 2432 et
780 2371 1018 2456 octogesimum
1056 2371 1169 2436 netstis
1227 2371 1477 2456 potuitretione
1495 2370 1655 2454 mitigavit
1673 2385 1827 2449 senatus,
1850 2387 1969 2436 utrum·
2073 2431 2074 2442 ,

426 2491 545 2533 annum
574 2485 819 2554 praetexentem
849 2493 911 2557 per
931 2473 997 2536 vim
1024 2493 1169 2558 purpure
1225 2492 1290 2560 que
1306 2473 1500 2536 interdivos
1515 2469 1704 2535 referendo.

427 2571 597 2645 amiciunt,
627 2585 662 2632 et
691 2593 753 2634 una
785 2591 858 2633 cum
885 2571 956 2636 filio
986 2575 1168 2660 Augustum
1289 2575 1383 2644 onr
1399 2577 1503 2638 Fabia
1514 2576 1667 2638 Orestilla
1684 2573 1845 2638 Antonini
1859 2595 1969 2660 prone·

426 2675 629 2757 proclament
652 2671 785 2734 circiter
807 2671 900 2736 initio
931 2673 1041 2740 tuentii
1066 2680 1106 2746 V.
1132 2676 1168 2740 C.
1224 2675 1290 2764 ptis
1306 2681 1344 2755 ι).
1366 2673 1449 2757 Ejus
1466 2673 1557 2736 numi
1571 2673 1700 2739 desunt.

426 2796 507 2858 qq»,
541 2786 577 2836 ut
606 2793 703 2856 supra
732 2772 765 2834 in
788 2774 967 2839 Maximino
989 2777 1167 2842 verisimile
1288 2775 1425 2842 Prolest
1450 2773 1971 2862 Gordianusll.ininsperiooon·

427 2877 504 2944 dixi
526 2878 644 2938 Esses
663 2893 730 2936 nen
753 2875 851 2938 medo
870 2875 910 2938 eb
929 2899 1079 2942 ansverus
1093 2899 1169 2966 pro·
1225 2879 1320 2963 legs,
1343 2877 1386 2940 de
1407 2897 1472 2964 quo
1492 2877 1653 2961 proxime.
1693 2881 1799 2940 Marta
1821 2881 1969 2944 Faustino
2073 2945 2074 2972 ,

427 2976 549 3048 vincio,
577 2975 635 3048 sed
664 2977 770 3036 statim
797 2991 944 3040 asenetu
964 2997 1114 3064 quoqne,
1136 2993 1172 3044 et
1225 2975 1794 3066 nuptaluniolebooonsulus·i¹³).

428 3078 580 3142 unitersa
603 3075 686 3140 urbe
711 3076 787 3139 odio
810 3078 980 3140 Maximini
1003 3093 1170 3162 gratanter

693 3307 1019 3375 GORDIANVS
1057 3315 1103 3377 ΙΙ.
1146 3311 1462 3383 ArchNtfe
1502 3314 1696 3380 Fratre.

492 3471 652 3537 Gordiani
684 3475 865 3558 superioris
893 3495 938 3540 ex
966 3477 1066 3543 Fabiu
1089 3481 1173 3546 Ore·
1228 3483 1357 3546 additus
1383 3501 1445 3557 eo,
1480 3501 1547 3566 qno
1570 3482 1604 3544 in
1628 3495 1724 3567 putre
1754 3485 1971 3568 exposuimus,

427 3575 516 3637 stilla
538 3574 636 3640 filius.
658 3577 740 3658 Ejus
764 3577 932 3640 libe'rnlem
954 3579 1112 3658 sormam,
1135 3583 1172 3644 li·
1230 3583 1327 3645 modo
1350 3581 1524 3665 imperium
1547 3583 1610 3658 ibi,
1634 3603 1822 3670 necemque
1845 3588 1971 3671 reperit,

428 3690 573 3746 terarum
597 3677 723 3753 studia,
747 3691 780 3740 et
800 3679 1003 3762 praeclaram
1024 3675 1169 3744 indolens
1230 3701 1302 3745 cuns
1336 3704 1456 3746 annum
1487 3700 1602 3768 ageret
1625 3701 1754 3749 sextum
1788 3701 1822 3750 et
1844 3687 1972 3772 quadra·
2073 3689 2074 3776 J

430 3777 594 3840 collaudet
604 3779 823 3863 Capitolinus,
842 3781 908 3841 etsi
923 3782 1019 3843 sitam
1035 3782 1170 3845 nimium
1230 3785 1390 3869 gesimmn
1408 3785 1448 3864 ⁰).

431 3877 623 3956 delicatum,
665 3893 699 3942 et
733 3881 908 3942 mulierum
938 3902 1066 3944 umores
1104 3903 1173 3946 cnr·
1292 3887 1385 3952 onr
1404 3886 1539 3962 incerte.

429 3993 504 4061 put,
526 3993 561 4040 ut
583 3979 640 4063 qui
662 3999 735 4043 eum
759 3981 949 4044 concubinis
971 3983 1073 4044 xtttt.
1096 4005 1174 4046 con·
1291 3987 1397 4047 Filius
1419 3991 1605 4052 Gordianus
1628 3991 1692 4050 ΙΙΙ.
1716 3991 1896 4074 Augustus.
1926 3991 1971 4052 dt·
2073 4019 2074 4056 t

430 4080 608 4154 euenisset,
641 4080 687 4144 sie
709 4093 745 4142 ut
766 4082 924 4166 temporis
951 4083 1002 4146 sui
1022 4084 1172 4146 Priamus
1229 4105 1331 4190 qne
1320 4087 1380 4149 hos
1408 4101 1478 4150 tres
1503 4089 1693 4152 Gordianos
1721 4091 1818 4154 novit
1847 4092 1971 4154 historin

432 4197 492 4260 per
518 4179 696 4244 ludibrium
733 4181 910 4246 diceretur.
956 4183 1172 4276 Quaesturam
1228 4206 1326 4264 sara,
1349 4189 1517 4275 nuruique,
1539 4189 1973 4276 quibusadeoinritisnon·
2073 4191 2074 4264 Τ

433 4279 493 4339 sub
515 4281 716 4364 Elagabalo,
747 4299 933 4367 prseturum
961 4298 995 4348 et
1025 4287 1172 4349 eonsule-
1227 4289 1313 4350 nulli
1340 4289 1419 4351 olins
1448 4291 1624 4377 antiquarii
1650 4293 1819 4356 intrusere
1846 4294 1974 4357 Gordiu·
2073 4379 2074 4382 Ἴ

432 4391 502 4439 tum
525 4381 584 4443 sub
604 4381 790 4470 Alexandro
812 4387 941 4448 meruit.
969 4387 1028 4449 Ab·
1041 4387 1104 4450 boe
1126 4389 1172 4450 le·
1229 4409 1308 4452 num
1326 4393 1512 4474 qnempiam
1524 4405 1700 4478 quartum,
1719 4393 1784 4456 sed
1802 4415 1899 4481 quem
1916 4397 1972 4476 jam
2073 4387 2074 4404 i

435 4489 527 4558 gatus
543 4481 627 4574 petri
651 4487 840 4564 proconsuli
863 4487 1056 4552 indiricnrn
1073 4484 1173 4580 spisso
1229 4509 1328 4553 nemo
1353 4491 1387 4553 in
1413 4494 1591 4557 &esurum
1614 4493 1808 4578 conlegium
1828 4495 1971 4560 admittit.

428 4619 1962 4659 -·-·—·-—---—-—-------...................

470 4699 503 4766 s)
522 4697 679 4772 Capitolin-
699 4719 727 4760 o·
746 4716 788 4767 17.
863 4706 899 4781 b)
919 4709 1079 4785 Capitolin.
1099 4729 1124 4770 o·
1143 4717 1171 4774 lt.
1242 4713 1274 4786 c>
1295 4711 1456 4791 Cepitolin.
1476 4731 1503 4772 c.
1524 4725 1570 4782 ¹5·
