4224 5506
449 537 520 614 tlt'e

448 705 627 772 PROVID.
645 701 781 766 DEOR.
800 701 894 766 COS.
911 701 950 760 11.
975 703 1090 762 Mulier
1101 709 1191 762 elane

421 881 427 893 ,
450 815 614 872 dexteram
627 825 736 866 ocrem
754 805 882 884 globum
896 805 1058 864 radiatum
1074 805 1108 862 in
1118 819 1193 864 aere

446 912 619 990 pendulum
629 908 777 986 porrigit,
802 905 871 970 AV.
883 901 951 965 AR.
975 902 1193 984 (Muecaea.)

450 1013 520 1074 ΑΕ.
538 1011 563 1070 1.
588 1003 760 1090 (Reginae.
780 1004 893 1085 Suro.)
944 1009 947 1017 '

597 1111 639 1170 Vt
659 1109 706 1168 lit.
725 1111 765 1168 A.

451 1208 796 1280 PROVIDENTIAE.
818 1205 1021 1274 nronvtt.
1044 1205 1192 1272 coen.

451 1317 570 1376 Mulier
587 1323 677 1373 atone
696 1321 862 1394 utramque
877 1311 1195 1386 martumoereueylo-

453 1419 526 1478 dum
537 1417 572 1476 in
589 1415 858 1488 arrependulum,
881 1413 939 1473 red
949 1429 1013 1472 non
1022 1411 1194 1482 radiatum,

449 1519 597 1597 porrigit.
629 1515 697 1576 ΑΕ.
713 1514 754 1574 ll.
782 1513 880 1590 (Moe.
898 1508 1006 1588 Caes.)

516 1614 748 1678 Providentiae
776 1613 932 1696 frequens
959 1609 1023 1692 jarn
1046 1607 1123 1677 inde
1154 1607 1195 1670 ab

452 1721 599 1800 Augusto
619 1715 651 1776 in
662 1727 791 1778 moneta
801 1711 932 1776 mentio.
955 1711 1039 1796 'l'ypi
1052 1711 1194 1794 primurn

453 1819 549 1892 fuere
564 1840 636 1894 era,
658 1817 801 1890 fulmen,
833 1812 951 1897 aquila.
989 1813 1102 1874 Serius
1127 1811 1196 1894 glo·

453 1921 515 1986 boa
556 1919 597 1982 ad
641 1939 712 1981 carn
743 1911 973 1998 designandam
1003 1914 1198 1998 plerumque

454 2020 636 2094 adhibitae,
653 2019 709 2102 qui
723 2017 811 2080 orbis
828 2029 1011 2090 terrarum,
1035 2013 1197 2076 autetiam

453 2122 567 2185 rnundi
611 2121 711 2183 totius
746 2119 855 2199 imago
893 2129 953 2178 eat·
999 2115 1125 2177 Plinius
1150 2115 1197 2194 ·)a

454 2229 602 2288 Formam
616 2227 685 2300 ejue
707 2217 850 2300 (mundi)
882 2221 916 2280 ier
943 2219 1077 2297 speciem
1110 2219 1198 2278 ordio

453 2328 596 2388 absoluti
606 2325 771 2404 globatam
787 2341 874 2394 erre,
896 2339 1010 2382 nomon
1026 2321 1061 2380 in
1080 2320 1196 2397 primic

454 2437 487 2488 et
511 2445 681 2487 conuenere
704 2427 740 2484 in
757 2442 793 2484 eo
810 2423 992 2482 mortalium
1008 2421 1113 2481 orbem
1139 2439 1195 2496 op·

450 2529 659 2606 pellentium,
691 2527 748 2584 red
765 2533 797 2584 et
811 2531 998 2601 argumenta
1020 2539 1123 2581 rerum
1141 2523 1196 2581 clo·

453 2637 540 2702 cent,
563 2639 596 2688 ct
613 2623 750 2687 Ovidius
766 2619 818 2702 b):
852 2625 949 2684 Terra
963 2623 1053 2700 pilae
1068 2623 1195 2683 cimilia.

452 2729 518 2792 llio
538 2725 621 2790 adeo
647 2724 764 2810 globus
789 2721 903 2786 orbem
922 2735 1085 2784 terrarum
1108 2721 1196 2804 prin·

454 2829 581 2914 cipibus
611 2827 747 2889 deorum
771 2823 976 2908 providentia
998 2821 1194 2907 permissum

453 2931 596 3006 indicat,
619 2927 812 3012 etquebunc
833 2926 884 2988 illi
912 2926 971 2988 bec
987 2921 1195 3010 significa'tio·

452 3051 496 3096 ne
512 3050 608 3112 saepe
635 3051 729 3090 manu
751 3041 890 3113 gestent,
916 3026 1067 3110 imposita
1098 3043 1195 3108 saepe

452 3129 653 3202 Victorioln,
693 3143 727 3191 et
762 3127 963 3211 temporibua
1004 3124 1195 3190 Christiania

455 3249 572 3306 cruce,
602 3243 634 3292 ot
652 3249 693 3292 ne
723 3229 751 3289 ia
773 3229 912 3312 simplex
942 3223 1198 3313 globueintelli·

455 3346 612 3416 geretur,
647 3351 877 3413 nonnunquam
913 3329 1006 3392 zonis
1043 3325 1194 3400 ambitur,

455 3453 539 3517 qnae
561 3431 654 3494 zonia
680 3429 879 3492 coelestibus
909 3429 1129 3512 respondent,
1160 3441 1196 3490 ut

448 3533 490 3610 ,in
503 3533 644 3596 denariis
655 3531 931 3617 Museidiilrougi.
953 3532 1050 3594 Hunc
1061 3529 1195 3616 globum

455 3634 570 3720 genina
605 3633 775 3696 muliebria
806 3648 860 3696 eut
875 3632 966 3694 humi
982 3631 1126 3716 peritum
1147 3651 1197 3694 re-

456 3737 530 3813 tlio,
552 3737 604 3800 rel
622 3735 742 3798 bacillo
759 3733 932 3820 designet,
954 3733 1009 3818 qui
1029 3747 1124 3815 typus
1145 3743 1195 3794 eat

455 3838 588 3912 obvina,
618 3849 698 3910 ἀοι,
742 3835 831 3920 quod
853 3835 925 3898 fere
949 3835 982 3896 iu
1010 3832 1194 3896 Pertinacis

453 3938 561 4000 numia
590 3951 712 4000 tantum
739 3937 950 4012 obteruntur,
979 3936 1122 4019 desuper
1135 3935 1195 3996 im·

454 4039 589 4101 mieaum
600 4037 762 4123 porrectio
775 4039 922 4102 manibus
937 4037 1065 4100 ridetur
1082 4029 1195 4120 aecep-

455 4155 540 4216 tare,
570 4153 603 4202 et
625 4159 723 4225 taepe
753 4139 884 4225 quidem
909 4135 1009 4202 radiia
1035 4151 1196 4215 ornatum,

456 4253 493 4304 ut
511 4241 656 4307 coeleste
674 4263 791 4306 munna
806 4241 1084 4325 intelligeretur.'

738 4385 758 4424 0
901 4385 922 4424 O
961 4419 968 4430 ,

599 4447 719 4506 Antioc
736 4449 866 4507 incerta.

513 4682 544 4756 a)
563 4678 598 4736 Η.
618 4678 654 4737 N.
673 4677 705 4736 L.
725 4677 761 4736 11.
781 4681 806 4752 l.
825 4691 855 4742 2.
924 4681 959 4754 b)
977 4683 1054 4742 Part.
1067 4683 1119 4743 vt.
1138 4687 1200 4758 ²⁶9·

752 627 756 639 ¹
834 517 874 594 P.
925 513 1186 588 HELVIVS
1234 513 1571 592 PERTINAX.

1250 701 1463 769 SAECVLO.
1477 698 1746 768 FRVGlFEllO.
1779 704 1995 765 Caduceeriu·

1240 813 1297 878 ‚tor
1315 807 1430 884 epicar-
1452 806 1521 866 ΑΒ.
1544 801 1671 883 (Vaill.)

1314 907 1713 968 Annooceconreltiesime
1728 905 1997 984 providieeePer-

1252 1005 1415 1080 tinacem,
1436 1017 1574 1070 testatur
1592 1005 1793 1090 Capitolinus
1808 1005 1859 1084 e),
1891 1019 1926 1068 et
1941 1009 1991 1068 rei

1249 1105 1483 1170 frumentariae
1511 1127 1606 1172 cauta
1629 1105 1816 1194 profectum
1835 1107 1876 1169 ad
1894 1127 1995 1182 mare,

1249 1207 1354 1272 refert
1371 1208 1436 1272 Dio
1452 1211 1495 1289 d).

1397 1413 1438 1472 Vt
1458 1413 1506 1472 tit.
1523 1415 1563 1473 A.
1577 1421 1610 1474 et
1624 1416 1658 1473 B.
1873 1471 1877 1480 .

1250 1511 1356 1582 VOT.
1377 1512 1567 1574 DECENN.
1591 1515 1661 1576 ΤΒ.
1684 1515 1723 1575 Ρ.
1745 1512 1840 1577 COS.
1865 1515 1905 1574 ll.
1934 1517 1996 1576 lm·

1249 1625 1380 1698 perator
1395 1617 1519 1676 celatur
1532 1625 1622 1676 alane
1637 1619 1667 1676 d.
1678 1626 1825 1692 peterem
1844 1636 1938 1696 super
1944 1619 1999 1675 ιη’-

1249 1721 1333 1796 podo
1347 1735 1442 1776 roera
1456 1717 1555 1795 facit.
1585 1717 1653 1783 AV.
1669 1716 1740 1778 All.
1753 1719 1822 1780 ΔΕ.
1838 1719 1861 1780 Ι.
1885 1716 1997 1797 (Vaill.

1255 1821 1338 1878 Mea.
1359 1817 1450 1880 Caes.
1471 1815 1615 1900 Theop.)

1318 1917 1552 2000 Intelliguntur
1581 1931 1655 1980 vota
1682 1914 1815 1982 ineante
1833 1917 1995 1984 decennio

1255 2018 1296 2084 ed
1314 2018 1385 2104 ejua
1402 2017 1484 2082 felix
1495 2004 1697 2084 curriculum
1710 2036 1871 2108 suscepta.

1434 2187 1565 2250 Dicere
1593 2189 1809 2256 rerttaaae.

1315 2337 1506 2401 Pertinere
1529 2360 1721 2404 successore
1744 2343 1873 2406 Iuliano
1892 2343 1992 2406 elium

1251 2437 1554 2522 bonorempraeter
1573 2441 1761 2526 magnificae
1775 2445 1902 2507 funeris
1920 2465 1994 2507 exe·

1252 2543 1342 2625 quiae
1362 2561 1426 2602 non
1455 2556 1505 2604 ert
1535 2541 1717 2607 adsecutor.
1753 2547 1796 2608 At
1823 2561 1993 2631 postquam

1251 2643 1279 2704 is
1302 2662 1432 2726 quoque
1460 2643 1652 2706 amilitibus
1674 2647 1823 2709 desertus
1844 2663 1912 2723 eet,
1934 2667 1995 2732 per

1251 2757 1398 2805 renatum
1418 2757 1451 2806 et
1464 2747 1621 2829 populum
1637 2747 1670 2808 in
1689 2749 1769 2812 deor
1783 2752 1906 2814 relatus
1921 2750 1992 2812 fnit.

1252 2847 1278 2906 A
1298 2847 1423 2908 Severo
1440 2847 1623 2912 Pertinacia
1640 2847 1727 2911 filine
1751 2851 1852 2934 patrie
1875 2849 1994 2914 flamen

1253 2945 1358 3010 factus
1377 2961 1445 3022 eet,
1472 2963 1506 3010 et
1518 2951 1674 3014 Marciani
1693 2951 1839 3027 sodales,
1862 2953 1992 3036 quidiri

1252 3049 1433 3112 M.Aurelii
1451 3069 1541 3114 aecre
1555 3053 1727 3128 carebant,
1749 3054 1904 3116 Helviani
1921 3067 1994 3116 aunt
2085 3109 2086 3119 ,

1253 3150 1342 3214 dicti.
1365 3151 1477 3212 Additi
1494 3153 1686 3228 Circenses,
1709 3168 1742 3216 et
1760 3155 1891 3238 imperii
1907 3169 1994 3218 nata·
2083 3161 2085 3239 ζ

1252 3253 1305 3329 lis,
1329 3253 1388 3314 aed
1405 3253 1460 3336 qui
1477 3255 1629 3318 eSevero
1646 3255 1764 3318 sublati
1783 3271 1898 3338 postea
1909 3271 1992 3330 eunt,
2080 3299 2081 3302 η

1251 3355 1299 3449 tic
1321 3369 1440 3430 tamen,
1464 3370 1499 3418 ut
1513 3370 1682 3420 manerent
1698 3357 1910 3441 genethliaci,
1926 3359 1992 3421 sire

1254 3457 1432 3540 genitalicii
1449 3461 1488 3536 ο).
1526 3457 1748 3522 Caerimonias
1760 3458 1792 3519 in
1810 3459 1863 3520 hie
1882 3479 1993 3524 conse·

1253 3558 1408 3620 orationis
1431 3559 1619 3622 solennibus
1643 3579 1661 3621 ι
1685 3561 1809 3624 Severo
1833 3561 1991 3624 adhibitae

1253 3659 1387 3743 copiose
1404 3657 1560 3724 describit
1577 3663 1641 3724 Dio
1659 3674 1791 3746 autopta
1813 3657 1852 3743 ¹).

1608 3846 1628 3886 1

1526 3887 1549 3927 e
1690 3890 1709 3928 e

1394 3945 1534 4014 mvvs.
1557 3949 1685 4012 PERT.
1706 3947 1817 4014 PIVS.
1836 3949 1991 4014 PATER.

1395 4050 1495 4126 Caput
1510 4052 1638 4112 nuelem.

1254 4147 1545 4210 AETERNITAS.
1582 4153 1719 4230 Signum
1742 4153 1925 4216 Pertinacis
1957 4159 1990 4216 e'a

1253 4245 1993 4336 qrtadriqirelepltanlomm.AE..tn.m.(Veill.)

1316 4347 1528 4431 Epigrephen
1559 4351 1683 4414 antieae
1711 4355 1893 4438 explicabit
1921 4357 1994 4422 Vio-

1255 4449 1364 4529 tort).
1390 4451 1570 4529 Nimirum,
1602 4454 1767 4518 Pertinaci
1789 4471 1991 4533 consecrato,

1256 4689 1301 4756 e)
1321 4687 1394 4762 Cap.
1415 4698 1444 4750 7.
1506 4685 1540 4758 d)
1560 4685 1593 4746 L.
1608 4686 1741 4745 Lxxtll.
1760 4693 1825 4766 Μ.
1898 4691 1929 4766 e)
1942 4690 1992 4748 Ca·

459 4768 542 4850 pitol.
563 4769 1061 4846 c.15.SpartiauinSereroc.7.
1131 4773 1359 4850 f)L.LXXlY.
1379 4779 1445 4850 Μ.
1520 4783 1551 4853 g)
1571 4775 1762 4854 inEpitome.
