4264 5516
676 458 1036 537 ANTONI‘NVS
1086 461 1234 540 PIVS.
1674 488 1736 550 13*

177 623 365 705 luctum.
383 640 656 707 rurcnaron.
682 643 921 708 insumo
979 665 1054 708 eum
1077 645 1263 711 uaesana
1293 657 1404 711 octavo
1434 652 1553 712 narn
1574 672 1659 714 aar..
1685 656 1721 714 a

177 747 311 806 ancilla.
333 742 403 804 ΑΕ.
426 743 466 807 ΙΙ.
490 746 591 828 (Mus.
615 745 723 826 Caes.)
978 751 1430 831 caliommcollcyr'cmretcls't.
1453 751 1492 811 In
1500 754 1622 815 saliatu
1630 774 1721 816 cmm

239 849 294 911 De
317 845 415 912 ancili
445 857 604 927 regnante
628 847 733 908 Numa
759 843 800 926 de
825 845 921 908 coelo
979 851 1250 931 accepllimpcrc'i.
1285 854 1423 914 Coronas
1442 855 1616 924 omnibcs'
1602 874 1637 914 m
1650 856 1722 934 pul·

176 948 297 1034 lapso
287 972 322 1012 tn
338 949 476 1012 salutem
487 944 595 1020 urbis,
618 958 706 1009 etue
722 945 840 1030 pignus
856 957 921 1006 tam
979 951 1074 1010 vicar
1087 969 1129 1011 cc
1141 972 1227 1014 mors
1234 954 1434 1048 jacientibus
1451 956 1538 1015 aliae
1552 957 1629 1014 aliis
1643 957 1722 1015 locis

178 1050 362 1134 pretiosum
377 1047 502 1110 auferri
518 1047 608 1109 furto
625 1045 745 1130 possit,
770 1045 922 1108 undecim
979 1051 1278 1130 cenomanenses
1290 1052 1482 1116 celutmcnu
1494 1055 1723 1134 capitillcrtr’a

180 1149 422 1214 similibnsaliis
439 1148 479 1212 ab
495 1146 619 1210 artifice
636 1146 797 1210 Mamurio
807 1145 923 1208 “fabre
981 1160 1158 1228 aptatccst.
1182 1155 1344 1217 Fcilc'uco
1355 1158 1533 1216 sacerdotio
1545 1159 1720 1234 elpracsul,

178 1249 295 1326 lactis,
334 1249 475 1312 tumulo
500 1247 656 1312 saliorum
682 1247 748 1310 ritu
774 1247 923 1309 castatis
980 1261 1014 1312 ct
1026 1262 1177 1326 calcs,cl
1190 1258 1360 1334 magister,
1378 1258 1532 1316 etmultos
1549 1259 1727 1336 inaccura-
1788 1323 1791 1330 ,

180 1351 298 1414 diebus
331 1371 393 1436 per
422 1349 538 1413 urbem
568 1347 763 1434 gestantium
795 1348 922 1410 abunde
981 1354 1619 1436 vit,stecacquravltncms'ncprccccntc,
1639 1361 1727 1439 quod

182 1463 291 1516 actum
309 1451 348 1514 ab
364 1450 519 1528 eruditis,
537 1449 593 1534 qui
610 1449 692 1512 ritus
702 1453 924 1512 Romanorum
982 1455 1508 1532 lpsccarms'nccuncludidc'cc'ssct.
1531 1456 1607 1518 Fuit
1616 1461 1726 1518 eutem

175 1551 361 1617 'memoriae
384 1550 573 1641 prodidere.
598 1550 677 1648 ‘Hic
700 1569 780 1613 vero
808 1573 925 1614 numus
983 1552 1138 1615 saliorum
1163 1575 1280 1616 munus
1299 1568 1333 1618 et
1348 1559 1498 1632 movere,
1521 1569 1555 1619 et
1580 1555 1725 1622 condere

186 1653 304 1718 ancilis
320 1651 459 1716 formum
484 1651 619 1736 egregie
636 1651 678 1715 ob
695 1652 925 1736 oculosponit,
982 1654 1109 1717 ancilia.
1151 1655 1240 1740 Fieri
1264 1669 1408 1738 poterat,
1440 1671 1493 1734 ut,
1524 1676 1606 1742 quae
1630 1677 1726 1720 causa

187 1769 302 1839 estque
334 1754 468 1837 clypeus
505 1752 687 1844 oblongus,
718 1766 752 1814 et
774 1751 864 1815 velut
892 1751 926 1813 in
983 1753 1082 1836 hujus
1104 1755 1171 1842 typi
1188 1755 1400 1840 cssepotuit,
1431 1756 1606 1842 peculiaris
1629 1777 1727 1844 quae·

181 1869 251 1918 tres
273 1854 412 1944 clypeos·
437 1854 581 1917 minores
615 1851 755 1928 divisus,
786 1873 926 1938 quorum
984 1855 1057 1918 dam
1095 1857 1291 1919 caerimonia
1335 1858 1376 1920 ad
1409 1857 1526 1921 ancilia
1559 1859 1728 1941 pertinens

183 1947 313 2020 medius
333 1955 459 2016 fulmen
476 1954 692 2037 insculptum,
716 1967 750 2016 et
769 1953 926 2018 volumen
984 1955 1071 2018 circa
1102 1957 1191 2019 istud
1220 1945 1347 2042 tempus
1366 1971 1601 2041 perageretur,
1633 1958 1726 2041 cujus

183 2055 383 2121 contractius
409 2055 526 2130 babet,
547 2067 584 2115 ut
611 2054 692 2116 adeo
711 2069 848 2139 utraque
872 2074 927 2117 ex·
983 2055 1095 2120 adeo
1107 2059 1211 2122 bonos
1243 2058 1281 2120 ιιι]
1321 2071 1496 2140 utrumque
1527 2059 1727 2120 Antoninum

182 2157 332 2222 tremitas
364 2157 467 2241 magis
498 2155 698 2240 exspatietur
720 2156 829 2218 medio
856 2177 928 2219 arc·
985 2158 1167 2248 spectabat,
1205 2157 1246 2220 ad
1268 2161 1415 2221 Marcum
1438 2157 1569 2220 saliatus
1594 2179 1728 2248 praesu·

184 2259 285 2322 tiorwe
306 2259 413 2342 Atque
429 2257 647 2341 suspectohoc
660 2277 759 2319 numo
774 2255 927 2318 facilem
983 2259 1071 2337 lem,
1095 2271 1129 2320 et
1145 2259 1247 2320 P1um¹
1261 2259 1444 2341 Augustum
1463 2271 1577 2340 utpote
1595 2259 1727 2342 pontili-
1768 2245 1772 2250 ¹

185 2357 383 2443 telliguntur
406 2372 462 2422 aut
482 2357 583 2423 verba
604 2357 755 2439 Dionysii
779 2357 928 2421 Halicar·
985 2378 1058 2424 cem
1080 2357 1275 2438 maximum3
1298 2379 1372 2420 nam
1391 2378 1480 2420 arma
1500 2359 1630 2436 Martis,
1656 2363 1726 2424 sive

183 2460 363 2537 ucecensis,
380 2458 464 2524 illud
482 2459 588 2522 simile
606 2479 678 2522 esse
694 2469 781 2522 scoto
800 2463 926 2540 virgata
985 2459 1101 2522 ancilia
1119 2479 1161 2522 ex
1171 2459 1318 2522 instituto
1328 2479 1486 2541 majorum
1502 2477 1632 2543 semper
1642 2452 1728 2544 apud
1824 2491 1845 2498 -

186 2567 390 2644 angustiores
410 2565 540 2624 labenti
555 2565 690 2625 laterum
704 2563 859 2623 cavitates
873 2559 928 2622 atl-
985 2583 1147 2624 summum
1177 2555 1366 2645 pontificem
1394 2558 1624 2638 servabantur,
1656 2561 1726 2644 ipse

185 2661 309 2727 serenti
329 2663 376 2740 ⁸),
399 2676 453 2724 ant
468 2663 560 2726 Festi
568 2661 736 2747 prodentis
752 2658 804 2742 b),
825 2661 927 2724 fuisse
987 2682 1065 2725 vero
1078 2655 1161 2726 t'este
1180 2660 1363 2744 Capitolino
1382 2660 1509 2722 nullum
1530 2645 1727 2723 sacrificium

185 2787 227 2828 cc
240 2775 374 2846 utroque
390 2767 489 2828 latero
499 2769 653 2841 recisum,
668 2776 706 2827 ct
719 2783 871 2826 rammam
881 2766 929 2823 ic·
985 2761 1216 2846 pervicacium
1238 2761 1334 2836 lecit,
1356 2759 1420 2822 nisi
1443 2755 1637 2844 cumaeg'er
1652 2761 1725 2824 fuit.

181 2871 352 2949 fimumque
379 2868 449 2943 &aa
478 2869 564 2930 latus
589 2869 693 2928 medio
709 2876 851 2946 pateret,
874 2876 929 2925 aut
987 2863 1054 2926 Sed
1072 2861 1205 2950 ctlecti
1218 2860 1314 2946 hujus
1332 2861 1401 2946 typi
1417 2882 1514 2924 causa
1532 2867 1604 2923 esse
1621 2859 1729 2944 potuit

184 2964 374 3040 Plutarchi,
396 2965 452 3050 qui
469 2965 929 3030 illudinclsr'oncmlcbcrcli·
987 2978 1082 3026 notus
1099 2964 1255 3027 Antonini
1276 2963 1310 3024 in
1334 2983 1388 3026 res
1404 2961 1493 3025 urbis
1517 2975 1648 3024 veteres
1673 2963 1728 3024 ad·

184 3087 266 3130 cccc
278 3069 464 3129 cochleatim
474 3071 623 3130 nnuman
630 3087 754 3150 ,neque
767 3056 930 3129 absolvero
985 3065 1111 3142 lectus,
1134 3064 1175 3126 ‹le
1191 3085 1255 3149 quo
1269 3083 1401 3148 agemus
1415 3063 1499 3125 inira
1518 3075 1592 3145 post
1606 3061 1725 3125 seriem

186 3171 341 3232 circulum
359 3171 529 3250 aspellam
545 3165 693 3230 adfirmat
717 3167 758 3246 ⁰).
786 3170 860 3230 Non
876 3164 930 3228 ab
987 3166 1252 3249 chronologicam
1271 3186 1443 3227 numorum
1463 3163 1628 3227 Antonini.

189 3269 291 3334 simili
308 3269 406 3333 modo
423 3248 618 3332 exhibentur
639 3268 809 3332 ancilium
833 3266 930 3329 dena·
1347 3265 1367 3304 *
1431 3309 1449 3347 4

188 3371 248 3434 n'is
290 3372 397 3457 gentis
426 3370 572 3434 Liciniae
603 3371 796 3446 Stolonum,
835 3367 930 3430 etin
1134 3372 1176 3430 Vt
1196 3371 1243 3429 lit.
1263 3369 1305 3428 A.
1471 3353 1480 3370 '

189 3493 319 3558 gemma
343 3469 509 3534 Leonardi
529 3470 717 3555 Augustini,
741 3489 823 3555 quae
846 3467 931 3530 sistit
987 3461 1206 3535 APOLLtNI.
1225 3465 1444 3537 AVGVSTO.
1466 3469 1583 3544 Apollo
1602 3473 1729 3558 topatus

187 3574 289 3636 salros
306 3573 388 3636 duos
414 3573 540 3637 velatos
567 3575 632 3634 ritu
650 3569 798 3646 Gabino,
822 3583 855 3632 et
872 3590 930 3632 sex
988 3575 1127 3634 scansd.
1138 3581 1307 3650 pateram,
1333 3587 1358 3628 s.
1374 3571 1487 3646 lyram.
1509 3569 1579 3634 AV.
1611 3569 1730 3647 (NJrhes

188 3675 308 3739 ancilia
328 3695 370 3738 ex
394 3687 492 3738 conto
519 3693 674 3758 suspensa
697 3683 861 3756 gestantes
886 3670 929 3752 d).
986 3671 1122 3752 Braml.)
1160 3673 1228 3732 AR.
1260 3680 1294 3748 et
1315 3673 1425 3732 addito
1464 3667 1497 3728 S.
1530 3669 1565 3732 C.
1605 3669 1674 3730 ΑΕ.
1703 3671 1728 3732 1.

189 3778 317 3840 Eorum
348 3796 537 3859 expressam
568 3773 708 3838 formam
734 3772 810 3837 vide
833 3771 929 3835 etiam
957 3797 958 3802 ¹
989 3774 1089 3852 (llus.
1115 3773 1222 3840 Caesl

187 3881 223 3940 in
238 3881 354 3941 Museo
372 3874 565 3938 Florentino
592 3877 633 3956 ο).
1051 3871 1206 3956 Apollo
1197 3891 1231 3930 ιιι
1252 3869 1304 3930 his
1326 3867 1432 3929 numis
1461 3884 1671 3950 comparens,
1694 3880 1731 3929 ut

255 3977 428 4058 Conjicere
458 3977 572 4052 liceat,
603 3964 755 4062 quoniam
777 3973 932 4040 Antonini
990 3975 1096 4039 cultus
1120 3973 1233 4046 docet,
1256 3969 1369 4032 Actius
1390 3981 1439 4029 est
1461 3965 1736 4066 stagnantem

190 4079 328 4142 historia
348 4077 431 4140 nihil
447 4077 650 4162 suppeditat,
674 4077 761 4162 quod
781 4097 854 4140 cum
878 4096 933 4138 an·
990 4079 1137 4192 Augusto
1161 4073 1201 4134 ab
1219 4066 1471 4155 imperatoribus
1490 4066 1532 4128 ob
1547 4065 1669 4128 victum
1675 4059 1728 4128 ad

191 4181 541 4255 crlrbusconncctatur,
557 4178 645 4242 bunc
658 4193 933 4262 typumamoue
988 4175 1131 4240 vicinum
1171 4171 1241 4255 ejus
1276 4169 1433 4254 templum
1469 4169 1515 4229 Μ.
1551 4167 1729 4230 Antonium

192 4280 284 4345 tariis
300 4279 454 4344 lectum
443 4302 477 4342 m
492 4279 628 4364 gratiam
641 4269 768 4340 Aurelii
786 4276 934 4342 Caesaris
990 4277 1152 4361 religione
1171 4272 1377 4344 observatus,
1400 4286 1437 4332 ac
1460 4279 1636 4352 propterea
1655 4269 1729 4352 jure

190 4381 232 4446 ab
249 4382 308 4446 illo
323 4380 475 4466 adoptati.
515 4379 568 4444 De
585 4381 649 4444 boc
665 4379 865 4466 Capitolinus
890 4375 933 4462 Ῑ);
991 4371 1285 4464 Anquslojnomine
1304 4369 1488 4440 decoratus.

196 4521 1732 4552 *mmm

244 4618 275 4686 ⁸)
295 4611 565 4692 1⁴·11·p·m.129.
639 4581 721 4688 latin
738 4605 916 4674 Mamurius.
982 4607 1178 4686 c)iuNuma·
1251 4603 1287 4680 d)
1307 4605 1420 4663 Gemm.
1435 4615 1492 4664 ant.
1507 4603 1537 4662 P.
1553 4602 1576 4662 l.
1595 4601 1655 4662 tab.
1668 4610 1727 4664 152.
1819 4641 1822 4650 .

193 4708 224 4780 e)
243 4705 326 4766 Tom.
343 4703 380 4766 ll.
394 4699 454 4765 nb.
473 4713 518 4768 23·
590 4701 616 4776 s)
636 4703 668 4764 in
686 4704 725 4764 Μ.
745 4701 877 4764 Aurelio.
