4224 5506
412 493 482 586 its
850 432 1114 558 *otntvs
1160 477 1452 556 tvmtttvs

407 680 592 762 imperante
622 655 801 756 repressis,
832 666 889 754 qui
914 665 955 730 ud
974 661 1080 728 Albim
1098 663 1157 726 ha·
1215 663 1347 728 solvere
1379 663 1524 744 distulit,
1571 667 1688 750 pertint
1723 665 1812 752 quod
1844 668 1965 734 insueti

408 780 564 852 hitubont,
584 757 699 838 Crucis
710 771 914 836 consulatum
928 769 1063 840 meruit,
1082 765 1159 828 sub·
1213 765 1299 840 otio,
1320 785 1358 830 cc
1370 766 1519 850 ignaviae
1535 767 1694 852 congredi
1708 788 1783 830 cum
1800 769 1884 834 tloro
1903 774 1962 836 Sc-

408 881 486 952 inde
517 876 682 942 Pertinaci
705 875 737 936 in
770 871 914 956 regendo
941 871 1050 932 Africa
1085 887 1157 932 soo-
1215 867 1287 930 reri
1309 867 1413 930 milite
1431 889 1497 932 non
1524 869 1692 931 auderent.
1729 870 1854 934 Severo
1877 872 1959 936 inte-

410 981 510 1048 cessit
526 982 565 1060 ¹).
607 983 746 1042 Romam
774 986 947 1038 revocatus
973 971 1158 1055 prneiectu-
1216 987 1273 1030 reu
1299 969 1373 1030 urbi
1391 969 1582 1034 imminente
1600 971 1641 1031 ud
1664 971 1792 1034 mitiora
1814 975 1959 1058 compul.

410 1105 480 1148 Μ
509 1081 646 1165 Vlgllum
670 1080 757 1161 egil,
789 1095 853 1159 (111⁰
877 1087 1026 1158 tempore
1055 1073 1157 1154 impe·
1215 1070 1624 1154 msconsilicimpetrevit
1642 1072 1773 1158 quidem
1796 1095 1813 1134 u
1833 1089 1959 1152 senatu,

408 1185 500 1248 rubet
520 1180 675 1245 Pertinax
690 1182 736 1257 b).
782 1178 856 1238 lloc
884 1197 902 1238 s
940 1173 1156 1258 praetorianis
1214 1183 1250 1231 ut
1279 1170 1444 1256 particeps
1470 1175 1586 1236 saltem
1617 1173 1746 1258 imperii
1778 1173 1958 1252 diceretur,

410 1304 526 1361 cesso,
554 1303 629 1346 cum
656 1281 690 1340 hi
708 1277 823 1342 cestris
848 1275 914 1338 suis
936 1275 1038 1338 clausi
1069 1277 1157 1339 ctum
1211 1283 1246 1332 st
1270 1293 1347 1334 mox
1372 1274 1540 1336 conversis
1561 1275 1704 1338 omnium
1730 1279 1762 1341 in
1792 1282 1952 1344 severum

409 1408 452 1451 ex
479 1383 651 1450 moenibus
676 1401 757 1444 voce
783 1379 895 1441 renale
914 1377 1088 1460 imperium
1114 1376 1156 1450 ei,
1209 1373 1330 1462 'animis
1355 1375 1488 1440 missos
1515 1377 1661 1460 panibus
1681 1381 1785 1444 milite
1801 1382 1841 1446 sb
1858 1385 1961 1444 omni·

410 1490 467 1578 qni
495 1489 570 1572 plus
597 1483 819 1569 promitteret,
859 1477 1034 1550 offerrent,
1067 1476 1157 1550 viris,
1215 1473 1275 1536 bus
1290 1475 1439 1540 desertus
1453 1479 1617 1562 inpslntio
1633 1481 1846 1547 obtruncatur
1863 1483 1917 1546 die
1936 1486 1960 1544 1,

371 1633 379 1642 .
410 1601 572 1677 quotquot
597 1584 711 1658 luere,
743 1582 931 1646 clarissimis
963 1599 1033 1641 eam
1064 1578 1157 1662 igno·
1214 1579 1279 1642 vel.
1297 1581 1337 1640 11.
1365 1581 1449 1642 lunii
1464 1583 1503 1648 V.
1526 1582 1561 1644 C.
1579 1581 1641 1664 94⁶
1657 1604 1697 1646 ex
1715 1585 1874 1648 sententis
1893 1587 1962 1646 Til·

409 1692 542 1754 minium
560 1687 804 1758 aversantibus,
827 1682 997 1766 instigatus
1021 1675 1155 1742 su'orum
1214 1679 1364 1742 lemontii
1382 1683 1420 1762 ε).
1446 1684 1573 1765 Corpus
1592 1683 1663 1762 ejus
1684 1708 1701 1748 s
1719 1687 1843 1750 Severo
1861 1685 1961 1748 uxori

410 1813 507 1856 '⁰⁸⁸⁰
541 1787 684 1851 ¹¹¹ll³¹¹¹¹⁸
711 1785 872 1859 ⁸d⁰¹¹¹'flls
910 1797 943 1844 θῑ
966 1796 1057 1844 effla
1089 1783 1155 1844 vol·
1215 1781 1392 1845 Scantillae
1417 1784 1456 1846 etl
1476 1785 1679 1869 sepulturam
1702 1801 1752 1850 est
1782 1785 1960 1863 redditum,

409 1897 478 1958 lum
492 1889 590 1954 liceri
605 1909 672 1952 non
690 1885 855 1950 erubescit
871 1897 984 1946 contro
1004 1883 1153 1946 Flavium
1212 1897 1246 1944 ct
1274 1885 1307 1944 in
1333 1888 1446 1966 proavi
1480 1901 1691 1950 monumento
1721 1889 1773 1951 νὴ
1797 1889 1957 1952 Loricam

406 1993 635 2079 ¹Sulpicianum
670 1986 852 2052 Pertinacis
884 2005 1051 2060 socerum,
1100 1984 1156 2068 qui
1213 1985 1390 2048 conditum.
1428 1987 1517 2067 Viuit
1539 1989 1717 2052 secundum
1739 1990 1883 2052 Dionem
1904 2012 1960 2052 sn·

301 2109 304 2116 '
409 2098 496 2160 intre
518 2093 640 2158 vallum
661 2090 802 2179 pretium
828 2108 888 2170 pro
906 2087 1046 2170 imperio
1063 2086 1156 2148 obtu-
1213 2107 1273 2148 nos
1290 2089 1360 2151 LX.
1392 2109 1521 2151 menses
1544 2091 1599 2156 lV.
1627 2089 1697 2152 dies
1729 2089 1885 2166 totidem,
1918 2109 1959 2154 ex

408 2199 457 2260 lit.
491 2197 616 2264 Verum
633 2213 710 2254 cum
728 2191 800 2272 plus
819 2189 1042 2273 pacisceretur
1061 2188 1157 2248 luliu-
1214 2186 1330 2270 quitus
1374 2189 1546 2274 imperavit
1584 2192 1785 2258 dtesvat.
1839 2193 1955 2256 Fuisse

403 2320 488 2374 nus,
520 2295 616 2360 scolis
642 2291 792 2354 demissis
818 2289 1155 2375 receptusincsstrn,
1215 2299 1290 2350 enm
1319 2291 1406 2374 juris
1435 2293 1685 2376 peritissimum,
1727 2295 1814 2356 inter
1846 2310 1959 2358 omnes

407 2402 604 2485 agnitusque
634 2394 829 2477 imperator,
869 2408 903 2455 et
931 2393 1154 2476 praetoriano·
1211 2405 1348 2454 constet.
1388 2393 1577 2477 Spartianus
1593 2397 1840 2480 parsimoniam,
1865 2399 1958 2460 mites

409 2523 482 2564 rum
504 2499 751 2580 stipetusmsnu
773 2497 969 2560 insecutum
994 2493 1153 2555 deductus
1213 2513 1340 2568 moros,
1371 2496 1515 2580 aliosque
1541 2495 1678 2560 virtutes
1695 2498 1729 2560 in
1756 2516 1797 2560 eo
1822 2495 1958 2580 ‹leprec-

406 2617 470 2666 cst.
504 2601 547 2664 At
568 2598 708 2684 populus
728 2617 793 2658 non
815 2595 921 2656 minus
944 2595 1044 2657 csetle
1070 2591 1152 2655 indi·
1213 2591 1317 2670 dicat,
1347 2609 1378 2657 st
1398 2597 1461 2660 Dio
1475 2597 1548 2680 ejus
1561 2601 1646 2662 ritae
1664 2597 1755 2660 testis
1770 2599 1859 2682 ipse,
1883 2613 1951 2660 tum

407 2725 472 2789 gun
486 2701 686 2772 Pertinacis,
716 2719 811 2783 quem
827 2709 961 2758 recente
978 2697 1078 2778 empti
1098 2696 1157 2756 im·
1213 2709 1246 2758 ot
1270 2699 1479 2762 Herodianus
1518 2715 1711 2783 coopertum
1741 2701 1828 2764 vitiis
1866 2700 1957 2762 adsc-

406 2799 706 2889 pctiiturpitudine'
720 2799 996 2884 irritetusnpertis
1013 2799 1155 2882 primum
1212 2811 1299 2861 runt.
1324 2803 1422 2862 Certe
1440 2799 1528 2884 quod
1546 2822 1611 2863 non
1626 2801 1775 2878 eruhuit,
1797 2801 1890 2864 nullo
1905 2825 1958 2864 sn·

283 2901 286 2908 ’
406 2904 568 2970 conviciis
596 2924 717 2968 uorum
741 2903 942 2986 Augustum,
980 2899 1098 2963 deinde
1121 2913 1155 2961 et
1211 2901 1307 2963 telius
1324 2900 1394 2983 ejus
1407 2901 1579 2965 dedecoris
1597 2904 1767 2986 exemplo,
1790 2905 1956 2988 emptione

406 3005 552 3092 lepidum
578 3005 666 3088 jectu
690 3007 803 3090 coepit
824 3003 1005 3086 impetere,
1046 3021 1154 3086 neque
1211 3002 1342 3086 publice
1366 3003 1514 3086 arripere
1538 3005 1731 3090 imperium,
1770 3019 1958 3088 tentumque

407 3121 594 3192 temperare
620 3105 700 3181 sihi,
729 3104 916 3189 quominus
935 3103 1153 3166 Pescennium
1212 3105 1334 3168 oilerre
1352 3105 1528 3188 pecuniae,
1558 3120 1712 3189 quantum
1733 3127 1841 3191 neque
1865 3128 1958 3190 prae-

408 3209 547 3291 Nigrum
566 3205 679 3286 Syrius
697 3218 764 3266 tum
784 3205 970 3286 impositum
988 3219 1152 3266 rectorem
1212 3221 1298 3270 sture
1320 3228 1381 3290 per
1399 3225 1453 3280 se,
1483 3227 1591 3291 neque
1610 3206 1879 3289 perexhaustum
1906 3229 1958 3271 se·

313 3351 318 3364 .
409 3307 452 3369 sd
483 3307 655 3391 imperium
685 3305 891 3388 deposcet-ct.
942 3306 1012 3399 Qua
1038 3305 1153 3388 populi
1210 3309 1333 3370 retium
1357 3311 1482 3390 potuit,
1512 3309 1589 3370 setis
1616 3329 1678 3392 per
1706 3329 1741 3370 se
1767 3307 1954 3384 scelestum,

408 3411 581 3472 aversione
609 3407 740 3490 cognite
756 3409 937 3488 Augustum
965 3427 999 3466 se
1020 3405 1153 3490 quidem
1207 3414 1425 3498 (lignumque,
1447 3431 1546 3500 quem
1564 3423 1677 3474 nactus
1697 3423 1765 3486 est,
1797 3411 1889 3473 exitu
1911 3412 1955 3472 ri-

407 3509 605 3597 proclamari
630 3508 730 3570 osuiu
742 3527 855 3591 puseus
874 3519 926 3568 est
940 3509 1153 3584 Pescennius,
1211 3539 1281 3582 mm
1301 3529 1361 3578 est.

406 3629 440 3678 st
464 3633 538 3677 oum
562 3609 710 3695 ignotius
735 3609 859 3693 coeptis
879 3609 1064 3686 insisteret,
1094 3610 1153 3671 Sc·
1272 3620 1364 3686 vm
1380 3617 1506 3680 Manlia
1520 3615 1700 3691 Scantilla,
1724 3613 1844 3700 dequa
1859 3614 1953 3676 infra,

406 3735 506 3778 verus
541 3713 728 3776 Pannoniae
761 3727 829 3775 tum
861 3711 1048 3795 preelectus
1074 3731 1150 3796 per·
1860 3739 1868 3748 -

406 3829 518 3901 specto
531 3835 669 3878 suorum
682 3811 997 3898 voluntateAugusti
1007 3811 1150 3874 honores
1389 3803 1433 3904 κ’
1453 3841 1486 3901 0·
1506 3845 1580 3904 945·
1600 3839 1639 3900 p0
1660 3839 1702 3900 X·
1728 3845 1797 3902 19³.

404 3917 546 3991 invadit,
584 3917 747 4000 rebusque
772 3915 921 3977 omnibus
957 3913 1150 3996 comparatis

403 4021 471 4084 iter
496 4021 530 4080 in
554 4018 677 4080 ltaliam
697 4017 838 4100 impigre
863 4015 1056 4100 ingreditur.
1100 4017 1150 4076 Ile
1398 4009 1467 4092 ΤΒ.
1490 4008 1525 4067 Ρ.
1550 4007 1640 4068 COS.
1659 4007 1699 4068 P.
1720 4009 1765 4069 M.

406 4121 575 4184 intellectu
593 4113 736 4182 lulinnns
762 4117 920 4206 Severum
940 4119 1067 4178 hostem
1096 4139 1151 4200 pa·

405 4223 489 4286 triae
511 4245 531 4286 s
556 4233 669 4286 senatu
695 4219 834 4303 judicari
857 4218 966 4302 jubet,
1005 4217 1064 4280 sed
1093 4217 1151 4282 mi·
1207 4215 1246 4282 A·
1365 4207 1954 4276 tttP.ctEstt.D1D.1thstt.

404 4347 466 4388 uus
480 4323 522 4388 uti
537 4321 754 4388 resistendum
769 4336 940 4406 promptos
956 4322 1080 4406 reperit
1092 4321 1151 4384 mi·
1359 4309 1461 4380 Avo.
1507 4313 1610 4392 Caput
1628 4313 1808 4373 laureatum
1830 4315 1867 4374 s'n
1883 4315 1954 4374 At:

406 4427 501 4503 lites,
523 4425 783 4511 pertimuegros,
801 4423 905 4506 quod,
927 4445 1022 4510 quum
1039 4439 1153 4506 pectus
1367 4417 1457 4492 AB·‚
1479 4417 1643 4476 radiatum
1664 4417 1699 4474 fu
1721 4417 1795 4476 ΑΕ·
1815 4417 1861 4476 11·

408 4529 532 4592 esstiu
555 4527 688 4612 imperii
706 4523 872 4610 emptione
899 4547 1056 4591 summum
1076 4547 1150 4612 per-
1210 4529 1250 4590 B.
1368 4519 1457 4584 lMP·
1482 4515 1603 4581 CAES·
1625 4518 1671 4576 Μ·
1688 4515 1779 4578 DlD·
1796 4513 1951 4584 SEVER·

410 4689 1952 4726 Μ,

441 4805 473 4878 o)
493 4799 644 4884 Spania
740 4797 776 4874 lt)
797 4797 901 4864 Victor
919 4799 951 4858 iu
973 4797 1070 4860 Curso.
1165 4802 1195 4876 c)
1215 4799 1298 4859 Toto.
1316 4789 1505 4856 lissam-1.
1525 4790 1620 4866 pec.
