4186 5492
320 523 324 532 .
412 463 487 547 336
982 449 1302 526 PHILIPPVS
1337 451 1384 528 Il.

414 647 522 712 tubuln
547 639 779 726 Neapolitana,
809 657 904 722 quam
930 634 1046 700 eodem
1078 636 1155 700 loce
1212 657 1289 720 pum
1312 634 1493 718 juniorem,
1517 635 1573 721 qui
1599 648 1707 698 tamen
1738 635 1959 719 jampridem

409 747 597 834 proferent,
629 755 769 826 ereunte
792 737 910 802 eodem
940 735 1025 800 anno
1053 740 1094 807 V·
1118 739 1154 802 C.
1212 739 1274 800 suit
1294 740 1471 822 Augustus.
1504 741 1540 800 ln
1564 738 1628 800 aliu
1650 759 1749 799 numo
1770 740 1962 822 provinciae

416 871 498 913 roeo
523 847 645 909 dieitur
670 846 845 926 Angustus.
888 839 963 932 Quo
987 841 1058 922 ejus
1080 841 1156 901 enni
1213 839 1334 902 Daciae
1361 838 1507 921 ejusdem
1536 840 1641 902 musei
1665 839 1779 902 endem
1806 855 1857 901 eat
1884 859 1961 922 pars

412 951 465 1013 die
484 949 537 1012 liic
551 948 601 1010 illi
618 947 723 1007 honos
744 943 882 1008 collatur
900 941 959 1017 sit,
981 941 1157 1004 incertum.
1213 941 1369 1016 adverae,
1399 961 1482 1024 quoe
1504 941 1536 1003 in
1563 940 1756 1024 Sinopensi,
1780 955 1816 1020 et
1841 943 1962 1003 Alium

346 1111 352 1120 .
411 1051 556 1116 Exhihet
585 1053 811 1112 Buonarrotue
840 1063 993 1116 numum,
1023 1043 1057 1104 in
1087 1062 1153 1126 quo
1211 1041 1271 1118 11.‚
1294 1041 1349 1126 qui
1365 1041 1544 1126 respondet
1560 1064 1644 1106 enno
1663 1044 1704 1104 V.
1724 1043 1761 1106 C.
1782 1059 1960 1125 root,que
2085 1087 2086 1114 ,

411 1157 602 1236 compulerit
645 1148 816 1230 utriusque
851 1143 997 1226 Philippi
1037 1145 1151 1228 capitu,
1211 1159 1281 1208 toto
1306 1166 1389 1206 enno
1417 1145 1590 1228 Philippus
1620 1143 1675 1206 laic
1708 1143 1831 1229 absque
1858 1141 1959 1204 dubie
2085 1115 2086 1210 l

410 1268 443 1318 et
467 1253 562 1316 ambo
593 1252 746 1312 laureata.
799 1249 829 1308 le
861 1267 922 1329 per
953 1245 1154 1328 epigraphen
1212 1247 1378 1329 Augustus
1399 1243 1463 1326 jam
1489 1245 1571 1320 suit,
1599 1259 1633 1308 ut
1659 1259 1872 1307 monumenta
1893 1264 1960 1304 om·

408 1355 510 1440 patrie
527 1357 565 1418 P.
586 1351 636 1416 hl:
649 1355 719 1414 ΤΠ.
738 1353 775 1416 Ρ.
799 1351 853 1410 lll.
870 1347 968 1410 COS.
991 1351 1028 1412 P.
1054 1349 1091 1410 Ρ.
1114 1347 1155 1408 ei·
1211 1347 1264 1408 niu
1292 1346 1423 1409 udsntirn
1445 1347 1576 1411 docent.
1620 1347 1742 1408 Contra
1767 1348 1859 1406 nemi
1885 1347 1960 1408 Ale·
2085 1343 2086 1368 ¹

410 1471 525 1541 gnatus
545 1467 594 1516 eet
611 1473 694 1514 enno
714 1453 753 1518 V.
775 1452 810 1512 C.
828 1467 900 1532 999.
935 1451 1026 1532 Ergo
1040 1466 1155 1532 aeque·
1212 1447 1361 1510 xandrini
1381 1449 1588 1532 Philippum,
1620 1467 1693 1510 eum
1713 1446 1959 1511 Caennredhuc

408 1571 520 1631 retur,
547 1553 736 1636 Philippum
762 1551 830 1634 jun.
853 1561 991 1636 propter
1022 1549 1153 1612 laureae
1212 1564 1318 1620 esset,
1342 1549 1673 1632 dicuntAugustum,
1696 1547 1822 1630 scripto
1840 1569 1960 1632 nempe

408 1663 568 1732 honorem
580 1655 643 1738 jem
655 1650 1153 1732 hocennoluiaeedugustum·).
1212 1656 1258 1716 Μ.
1275 1648 1365 1714 tor.
1388 1643 1641 1712 ‹lttntnssoc
1664 1647 1707 1707 Κ.
1724 1645 1839 1724 cett„
1863 1670 1956 1732 quarn

408 1757 581 1825 attinebit
598 1775 732 1816 numum
757 1771 856 1812 numo
877 1769 1056 1833 opponere.
1089 1753 1154 1813 Re·
1207 1747 1360 1815 eundem¹
1380 1749 1630 1835 perversitatem
1662 1751 1761 1812 etiam
1790 1749 1895 1813 habeo
1924 1752 1955 1814 in

408 1863 476 1925 lert
494 1857 652 1920 Beldinua
677 1873 718 1916 ex
738 1871 851 1914 museo
873 1851 999 1914 Alhuno
1018 1873 1153 1914 numum
1210 1855 1317 1917 numia
1341 1851 1507 1926 Salonini,
1531 1850 1623 1934 cujus
1646 1874 1722 1914 aune
1748 1851 1888 1916 difficile
1908 1868 1955 1916 eet

408 1985 494 2026 mex.
516 1957 628 2030 mod,
650 1955 683 2016 in
708 1974 773 2037 quo
791 1952 1047 2036 Philippuejnn.
1074 1953 1153 2016 dici·
1210 1957 1370 2020 retionem
1396 1951 1557 2030 reddere,
1579 1953 1707 2038 quando
1731 1953 1804 2024 ltnc¹
1817 1953 1883 2038 jem
1906 1977 1956 2019 ue·

405 2066 514 2128 toret.
524 2061 609 2130 ΝΒ.
622 2053 1017 2120 PHlLlP-PVS.NOB1L.
1032 2054 1153 2122 CAES.
1210 2071 1276 2120 tate
1298 2078 1364 2120 non
1388 2055 1487 2116 modo
1516 2068 1626 2118 vetera
1649 2055 1817 2132 instituta,
1840 2054 1900 2120 eed
1923 2071 1955 2118 et

411 2179 444 2229 et
472 2178 683 2228 tamencum
712 2159 776 2220 hoe
814 2156 963 2218 Caesarie
991 2157 1152 2220 vocabulo
1209 2179 1308 2224 verae
1327 2155 1591 2222 uummihonoria
1610 2155 1868 2241 significationes
1886 2178 1956 2244 per·
2085 2199 2086 2214 1

410 2263 621 2348 conjungitur·
649 2271 746 2342 caput
770 2259 950 2322 laureatum
974 2255 1017 2340 h).
1051 2257 1152 2353 Quid·
1210 2261 1399 2324 comitere.

410 2366 489 2452 quid
512 2365 554 2427 ait
579 2364 619 2425 de
640 2361 692 2422 hie
711 2360 835 2437 numia,
865 2360 921 2444 qui
945 2379 1042 2442 coepe
1067 2362 1151 2422 rnnle

404 2467 504 2542 lecti,
535 2479 568 2527 et
593 2464 679 2526 male
701 2460 902 2546 promulgati
925 2471 1022 2536 eunt,
1050 2461 1153 2544 pluri·
1409 2483 1562 2562 pompm
1578 2483 1754 2544 mm„

405 2589 495 2632 mum
510 2563 720 2630 tribuendum
731 2577 810 2646 puto
822 2559 951 2624 tabulae
961 2562 1150 2640 Mutinensi,

398 2687 488 2754 quoe
513 2666 701 2750 Philippum
728 2677 877 2726 nostrum
906 2661 1036 2724 nonnisi
1065 2683 1150 2726 anno
1270 2661 1948 2748 PontificemsuissePhilippumnottrum,

402 2773 444 2840 V.
463 2771 501 2836 G.
525 2753 606 2832 roco
629 2786 816 2850 supremum
839 2763 1030 2848 dignitatern
1053 2763 1150 2848 adep·
1207 2787 1302 2852 quum
1323 2765 1378 2826 diu
1404 2767 1524 2830 caesar
1548 2779 1637 2840 erut,
1659 2780 1723 2828 tam
1747 2767 1897 2854 analogia
1911 2768 1947 2832 uh

405 2885 476 2934 tum
507 2869 712 2954 pronunciet.
757 2867 839 2930 Cum
872 2863 924 2926 hie
953 2865 1150 2928 testimoniis
1207 2865 1947 2952 omnihuuhecteuueCaesaribuspetita,quum

401 2972 466 3036 rite
491 2969 679 3054 conspirent
709 2969 780 3050 ejus
813 2965 904 3030 numi
934 2965 1148 3034 Alexandrini
1205 2969 1393 3032 pumicum
1424 2981 1503 3052 typo
1533 2969 1830 3052 instrumentorum
1850 2971 1947 3052 ponti.

403 3092 477 3134 cum
504 3071 543 3134 L.
565 3069 612 3144 Δ,
636 3089 775 3155 quorum
802 3067 857 3130 alii
874 3065 1062 3150 Philippum
1080 3065 1147 3145 iun.
1204 3067 1349 3132 ficelium
1374 3070 1452 3132 tatis
1472 3069 1648 3134 declarant.
1687 3073 1815 3140 Verum
1833 3090 1945 3156 exque

269 3179 275 3184 '
402 3172 521 3234 sistunt
546 3171 652 3258 cupite
677 3168 766 3232 nudo
791 3179 824 3228 et
852 3167 922 3228 elne
946 3171 1148 3248 imperatorie
1205 3169 1311 3236 diclue
1330 3183 1381 3232 eet
1407 3169 1597 3254 Augustus,
1619 3193 1695 3234 enm
1715 3172 1809 3234 numi
1826 3170 1945 3256 pontill-

400 3271 555 3344 nomine,
578 3271 791 3333 aliiluuream
811 3265 952 3344 addunt,
974 3265 1146 3330 etdictum
1205 3291 1277 3336 cem
1308 3271 1484 3334 maximum
1513 3274 1653 3356 perinde
1684 3294 1722 3336 ae
1750 3287 1878 3358 putrem
1897 3295 1962 3358 ap.

400 3373 544 3438 titulum.
579 3369 696 3454 Coepit
721 3391 823 3432 annua
838 3367 894 3436 lv.
921 3383 1061 3432 exeunte
1082 3369 1147 3432 du·
1202 3373 1338 3458 pellunt.
1363 3371 1461 3468 Quod
1486 3371 1514 3434 oi
1533 3375 1606 3458 quie
1624 3373 1707 3438 meis
1729 3395 1784 3437 me
1800 3376 1880 3438 velit
1901 3395 1946 3437 ar·

399 3487 499 3560 ‘gusto
521 3474 563 3540 V.
581 3473 618 3536 C.
638 3491 700 3558 999
723 3471 870 3534 exiturus
887 3471 1004 3534 eodem
1022 3485 1146 3553 tempe·
1203 3473 1367 3561 gementis
1386 3474 1566 3558 stringere,
1588 3477 1744 3540 nimirum
1761 3477 1944 3562 Philippum

288 3631 296 3640 .
399 3595 439 3640 re
459 3577 500 3644 V.
518 3577 555 3640 C.
583 3595 687 3652 tuoe,
709 3595 791 3660 ergo
814 3573 900 3640 intre
925 3573 959 3636 id
986 3573 1146 3659 temporie
1201 3575 1307 3638 filium
1334 3575 1401 3639 diei
1424 3575 1458 3638 in
1484 3577 1592 3640 nuruis
1622 3581 1660 3640 P.
1681 3582 1746 3653 tt„
1773 3599 1843 3664 non
1863 3577 1945 3664 quod

401 3676 507 3742 dictur
523 3693 574 3742 ett
590 3679 767 3760 Augustus.
1201 3677 1257 3742 hic
1284 3697 1402 3742 revera
1431 3689 1536 3756 etaet,
1574 3677 1634 3740 aed
1670 3680 1826 3764 quonium
1855 3677 1946 3760 huju·

464 3779 621 3844 Omnium
636 3777 771 3840 minime
787 3777 821 3838 in
841 3777 906 3842 heo
921 3795 1017 3840 cauea
1033 3777 1144 3845 valere
1201 3777 1308 3842 numia
1333 3793 1444 3864 parter
1474 3799 1608 3843 eversae
1637 3779 1678 3842 ad
1699 3795 1830 3864 patrem
1851 3780 1944 3864 perti·

400 3878 501 3942 dehet
528 3878 685 3960 judicium
714 3879 959 3962 provinciarum
990 3879 1161 3944 remotio·v
1200 3894 1318 3945 nentes
1346 3880 1527 3965 applicatae
1558 3879 1673 3957 fuere,
1705 3881 1881 3966 appellabo
1907 3879 1945 3943 ed

397 4001 483 4044 rum.
524 3981 640 4042 Exstat
655 3979 689 4040 in
714 4000 828 4044 muaeo
847 3980 1009 4044 Caesareo
1027 4001 1145 4043 numne
1202 3981 1347 4046 tabulam
1382 3979 1547 4046 laudatam
1595 3983 1861 4068 Neapolitanam.
1909 3979 1947 4042 At

400 4082 551 4144 coloniae
569 4081 726 4165 Sinopen,
749 4082 782 4142 in
797 4102 862 4166 quo
879 4079 1075 4166 epigraphe:
1099 4084 1145 4143 Μ.
1201 4085 1287 4148 hunc
1334 4097 1518 4167 suspectam
1561 4097 1659 4148 vocat
1698 4082 1945 4170 Tillemontiut,

352 4267 355 4274 Δ
396 4183 482 4252 tvn.
500 4183 741 4252 PHlLIPPVS.
766 4181 912 4260 CAES.,
935 4181 1071 4266 ejusque
1094 4202 1145 4246 cu·
1202 4186 1278 4270 qnia
1298 4185 1333 4248 in
1360 4171 1468 4249 nuruis
1492 4185 1581 4261 aliis,
1613 4183 1713 4246 etiem
1743 4205 1821 4248 euru
1843 4185 1947 4268 dugu-

377 4277 619 4366 potamum,
643 4298 677 4348 et
699 4305 802 4349 annm
822 4285 998 4360 cccxtx,
1019 4283 1076 4368 qui
1097 4283 1147 4348 in·
1201 4299 1269 4349 etue
1283 4286 1348 4371 jam
1365 4301 1470 4364 emet,
1493 4286 1614 4350 dieitur
1631 4273 1831 4370 simpliciter
1848 4283 1948 4347 rott-

398 4383 479 4466 cipit
487 4374 520 4446 ln
530 4398 684 4450 autumno
693 4389 733 4455 V.
746 4387 781 4449 C.
803 4402 900 4462 rece,
922 4386 1068 4473 9ιοίμο
1089 4407 1145 4448 en·
1201 4388 1284 4451 TlF.
1301 4387 1342 4469 e),
1366 4387 1529 4454 Sedenim
1539 4386 1674 4450 ltinumi
1689 4387 1944 4463 Goltziunieunt,

398 4482 434 4546 ui
460 4495 610 4564 tempore
637 4499 763 4550 coortat
777 4485 993 4554 ‘intersectum
1017 4485 1143 4572 Philip-
1200 4503 1234 4553 et
1249 4489 1278 4554 ri
1300 4489 1429 4556 laboret
1446 4487 1529 4554 fides
1546 4488 1678 4554 tabulae
1700 4487 1942 4574 Neapolitanae,

438 4697 470 4768 a)
490 4693 612 4758 omi-v.
625 4695 671 4754 itt.
686 4716 717 4776 p.
730 4708 793 4772 289·
867 4653 1466 4802 u)·.nv.ui‚p,1'11‚„,91„n‚110„
1536 4708 1573 4798 e)
1592 4703 1669 4796 Note
1683 4703 1721 4770 V.
1736 4703 1905 4785 iuPhilipp·
