4186 5492
716 437 1021 514 t‘tttntrevs
1061 443 1090 517 I.

1517 474 1551 540 ‘3
1597 460 1670 538 ³27

111 627 394 702 monetariorum
410 645 483 688 nans
497 623 526 688 ai
534 621 687 690 animalia
697 623 787 690 stetis
797 622 865 688 dio·
925 624 1117 692 xsndrinum
1131 625 1363 708 exegissoeum
1374 651 1475 694 annos
1485 634 1675 720 vit-oeXLV,

6 807 8 810 ¹
115 729 180 794 bus
195 727 505 817 missaindiourent‚
528 745 658 790 causam
674 746 741 789 non
758 725 865 802 rideo,
924 725 1066 802 adserit,
1087 719 1286 793 at'Zosimna
1304 730 1405 796 debili
1425 753 1571 822 enmper
1586 752 1671 804 eota·

114 852 180 896 cur
204 830 413 913 neglexerint
433 826 607 892 monsterii
632 825 719 892 idem
745 826 866 891 docere
924 839 990 892 tom
1010 827 1112 894 luisse
1131 849 1271 916 corpore
1294 847 1414 899 narrat.

117 934 154 994 iu
183 932 290 994 numis
316 931 437 992 aeneis.
488 930 531 991 At
553 926 745 992 docebimus
769 929 866 1005 iufra,
985 925 1670 1022 DuressePhilipporumimperiumnsque

117 1029 529 1117 imperantol’ltilippoin
552 1043 683 1092 moneto
710 1043 865 1112 argenton
924 1027 964 1092 sd
992 1029 1180 1096 iucltoutum
1211 1034 1327 1098 saltent
1351 1051 1560 1113 autumnum,
1594 1059 1671 1120 pro·

117 1145 256 1216 coeptos
274 1129 396 1215 signari
411 1138 566 1192 numeros
585 1143 618 1192 et
634 1131 886 1216 literussolite3
923 1127 1018 1192 batur
1046 1131 1187 1216 primum
1220 1155 1261 1198 ex
1300 1138 1406 1200 nuruis
1438 1138 1670 1204 Alexandrinis

115 1234 203 1310 rias,
225 1253 304 1318 quos
318 1229 675 1295 subindesucoessores
687 1251 760 1294 cum
773 1244 862 1294 tento
875 1235 891 1244 “
921 1229 1085 1315 inscriptis
1113 1233 1151 1292 L.
1173 1235 1231 1302 Z..
1254 1233 1343 1320 quos'
1362 1259 1499 1304 necesse
1526 1253 1577 1304 est
1595 1259 1668 1302 esse

117 1333 377 1420 antiquariorum
400 1330 531 1394 fastidio
560 1331 833 1417 multiplicavere.

922 1332 1065 1416 signatos
1083 1329 1158 1394 inde
1174 1355 1191 1396 e
1209 1335 1473 1423 XXIX.Augusti
1491 1341 1670 1424 unnipree·
1757 1387 1764 1414 ,
1860 1357 1866 1364 '

483 1431 503 1470 Ἰ

382 1473 420 1513 ,a
565 1475 585 1514 s

263 1539 306 1598 Vt
319 1538 370 1596 tit.
383 1537 421 1595 B.
438 1538 518 1598 οιΑ·
543 1537 644 1612 Caput
655 1537 690 1596 in
706 1537 867 1598 uliithi·

263 1639 343 1716 lippi
354 1639 384 1698 1.
400 1639 435 1696 iu
454 1638 533 1697 aliis
551 1638 692 1716 Philippi
705 1633 750 1697 ΙΙ.

118 1737 366 1806 seecvbvnt.
382 1735 552 1804 NOVVM.
576 1741 734 1816 Templum
745 1739 779 1798 itt
788 1739 866 1798 alt'is

120 1819 197 1915 uec,
218 1842 340 1901 inalis'a
356 1848 426 1900 octo
441 1840 668 1912 columnarum,
682 1842 868 1924 intraquod

117 1943 368 2003 idolrmtsedens.
386 1939 534 1999 Ande.
552 1939 576 2001 1.
590 1941 631 2003 ll.
646 1939 864 2018 (Muscoes.)

183 2038 309 2102 Eadem
326 2058 440 2101 averse
468 2051 574 2104 exstat
591 2038 687 2100 etiem
706 2038 740 2099 in
757 2039 864 2102 numis

121 2141 338 2216 Etruscillae,
362 2139 581 2213 Trebonieni,
605 2151 638 2202 et
653 2121 834 2207 Volusiani.

262 2233 351 2302 tttP.
379 2240 499 2303 CAES.
526 2241 572 2304 Μ.
598 2241 682 2307 1v1..
704 2231 867 2302 PHILIP-

262 2342 357 2412 PVS.
379 2339 475 2408 AVG.
493 2343 594 2418 Caput
606 2343 784 2404 laureatum
794 2346 868 2408 Ptr-

265 2447 347 2522 lippi
361 2446 405 2505 ΙΙ.
427 2445 468 2504 ln
484 2445 551 2504 atio
566 2446 788 2522 superpatre.

120 2527 359 2612 ssEchvst
383 2541 552 2610 NOVVM.
579 2541 714 2626 Vterqus'
732 2527 867 2624 smperass

123 2657 175 2709 tor
195 2649 319 2709 celatus
336 2650 383 2707 nd
404 2666 496 2722 aram
512 2645 699 2726 sacrificans
717 2649 866 2708 adstame

120 2749 254 2810 tibicine
266 2757 300 2809 et
314 2749 674 2830 quatuorfipurr'sala't'tp
693 2757 778 2808 retro
792 2756 878 2845 tem-¹

118 2851 209 2927 plum
217 2858 288 2920 ceto
300 2851 527 2911 columnarum.
537 2847 606 2910 ΑΕ.
623 2867 665 2909 m.
677 2867 718 2910 m.
733 2847 867 2930 (vaitt.)

284 3054 322 3114 V.
345 3053 377 3114 e.
403 3059 494 3117 soor.
516 3055 551 3115 r.
575 3008 615 3115 x}
631 3005 722 3116 rte.¹

191 3157 255 3217 ra.
274 3154 311 3216 r.
328 3155 383 3214 γι.
401 3155 490 3216 cor.
503 3155 566 3214 111.
584 3156 619 3213 r.
639 3155 685 3214 rt.
701 3153 737 3212 r.
761 3149 796 3214 r.

145 3257 191 3317 tt.
209 3257 392 3318 Aemiliano
411 3255 477 3346 11„
498 3255 593 3316 Iunio
610 3255 766 3346 Aquilino
782 3271 847 3314 cos.

187 3453 374 3539 lotepienua
397 3453 431 3515 in
450 3452 614 3530 Oriente,
645 3455 684 3516 Ρ.
709 3453 870 3518 Carvilius

126 3557 276 3619 Marinus
306 3555 340 3616 in
371 3555 496 3617 Moesis
521 3569 553 3617 et
577 3554 745 3616 Pannonia
771 3553 872 3636 impe·

126 3656 215 3720 rium
237 3656 412 3731 invadunt,
445 3655 504 3718 sed
533 3657 645 3740 paullo
665 3667 740 3736 post
767 3665 874 3718 morte

131 3755 338 3822 adiiciuntur.
361 3757 532 3840 Philippus
555 3756 594 3820 ad
614 3744 802 3838 sopiendum
823 3751 878 3814 ex'·

131 3857 256 3922 ercitus
278 3858 458 3922 Pannonici
482 3856 677 3934 seditionem
701 3853 876 3937 Trajnnum

127 3961 271 4025 Decium
297 3961 415 4034 mittit,
444 3977 542 4042 qurum
568 3957 724 4021 continuo
743 3955 876 4027 milites,

130 4079 350 4146 quopoensm
367 4059 562 4134 evaderent,
585 4058 767 4140 Augustum
793 4055 877 4117 salu·

129 4175 211 4226 tout.
253 4162 421 4226 Adversus
437 4181 513 4224 eum
532 4158 614 4222 urbe
630 4155 876 4242 egressus'Phi·

127 4261 241 4346 lippus
273 4263 401 4348 praelio
435 4262 520 4346 apud
547 4261 712 4328 Veronam
736 4255 876 4320 inferior

130 4361 237 4438 ondit,
258 4383 336 4426 mox
353 4351 447 4426 'fitius
465 4361 499 4424 iu
516 4359 600 4424 urbe
622 4381 640 4423 a
660 4357 875 4444 praetorianis

128 4463 162 4526 iu
181 4464 298 4528 cestris
316 4462 514 4530 interficitur
527 4463 569 4540 ⁸).
592 4461 780 4528 chronicon
799 4457 896 4522 Ale·'

923 1434 1039 1508 sentis,
1062 1453 1127 1517 qno
1151 1436 1447 1502 Alexandrinorum
1471 1461 1573 1502 nunus
1594 1443 1667 1506 Vll.

923 1532 1057 1618 incepit.
1102 1535 1232 1624 Deinde
1262 1540 1368 1602 sumis
1399 1543 1552 1606 colonien
1574 1541 1668 1605 Sino·

887 1649 898 1664 “
924 1635 1034 1720 ponus
1052 1655 1127 1700 cnm
1142 1636 1249 1718 cupite
1267 1639 1515 1724 Philipporum,
1539 1657 1668 1706 stanno

924 1735 1110 1810 cccxix..
1150 1759 1248 1822 quem
1288 1739 1368 1802 item
1407 1743 1530 1826 signari
1556 1742 1670 1806 decuit

922 1833 1003 1896 inito
1024 1834 1090 1916 jam
1111 1851 1284 1916 autumno,
1306 1855 1343 1904 ut
1363 1853 1453 1925 putet
1475 1861 1516 1906 ex
1538 1844 1668 1907 calculo
1755 1921 1758 1924 Ι

923 1953 1018 1998 seruo
1038 1936 1239 2022 Sinopensis.
1274 1941 1478 2026 *scrupulum
1505 1944 1590 2008 mule
1614 1964 1684 2029 any
1778 2025 1784 2032 η
1861 1930 1865 1939 ’

923 2033 1081 2118 spicatum
1103 2039 1316 2124 chronologis
1332 2043 1446 2124 injecit
1459 2045 1668 2130 Froelichius

923 2133 964 2197 etl
985 2138 1244 2204 contrahendum
1263 2138 1607 2228 Philippiinsperium
1625 2163 1669 2230 cx

923 2236 1057 2320 vulgato
1087 2233 1155 2322 per'
1181 2240 1388 2305 manifestum
1410 2263 1559 2322 errorem
1582 2232 1685 2308 enno

924 2357 1020 2400 neree
1045 2339 1285 2403 Anazarbensis
1309 2343 1342 2404 iu
1368 2363 1468 2406 numo
1481 2345 1603 2428 Decii,
1625 2345 1668 2410 do

924 2438 1101 2521 quotide,
1126 2441 1385 2527 quaedisputevi
1405 2445 1439 2506 in
1457 2445 1564 2506 nnmis
1585 2447 1669 2508 Ane-
1770 2448 1773 2454 '

924 2537 1017 2600 zsrbi
1036 2537 1180 2604 Ciliciae.
1211 2543 1292 2605 'Alia
1314 2558 1505 2628 argumente
1525 2545 1671 2631 promoti

925 2641 1093 2729 usquein
1122 2653 1312 2705 autumnum
1341 2644 1472 2728 imperii
1494 2666 1535 2708 ex
1557 2648 1672 2734 legum

926 2729 1223 2824 subscriptionibus
1238 2743 1343 2828 petite
1369 2747 1445 2810 ride
1465 2747 1551 2832 opud
1569 2747 1672 2808 'titte-
1728 2779 1748 2793 -

928 2841 1100 2906 montium.
1402 2835 1408 2844 ’

982 2945 1081 3032 ¹Ergo
1099 2943 1255 3031 Philippo
1272 2941 1400 3028 perfido
1418 2945 1601 3030 principatu
1614 2953 1687 3032 pso-¹

926 3042 988 3106 tito
1007 3063 1135 3107 mentor
1151 3046 1287 3108 sceleris
1304 3047 1453 3128 Nemesis
1468 3068 1564 3131 peres
1582 3050 1674 3116 vices

927 3145 1091 3226 rependit.
1114 3149 1187 3208 Hoc
1199 3168 1298 3208 unum
1313 3159 1486 3230 peccatum
1503 3149 1538 3209 si
1549 3147 1672 3226 demes,

926 3245 1054 3329 reliqna
1080 3245 1151 3326 ejus
1175 3247 1239 3309 rite
1264 3235 1524 3330 reprehensione
1542 3248 1675 3314 ridetur

928 3345 1083 3408 caruisse.
1107 3344 1328 3432 Christianum
1345 3331 1447 3412 fuisse
1466 3351 1562 3412 multi
1584 3365 1675 3412 vete·
1760 3341 1770 3354 ’

928 3465 1020 3524 rum,
1045 3464 1127 3527 quos
1153 3445 1240 3509 inter
1265 3461 1300 3512 et
1324 3449 1427 3512 sancti
1446 3464 1555 3534 patrea
1577 3451 1676 3514 exsti·

929 3547 1019 3622 tere,
1042 3549 1223 3612 memoriae
1237 3547 1473 3632 prodiderunt,
1495 3535 1585 3636 quod
1602 3571 1677 3614 exe·

932 3666 1008 3710 men
1025 3666 1100 3710 cum
1123 3649 1188 3712 rnei
1202 3649 1341 3710 instituti
1357 3669 1422 3711 non
1447 3648 1508 3726 ait,
1531 3663 1565 3711 et
1578 3649 1678 3712 ebun-
1763 3701 1766 3708 .

931 3746 975 3810 de
1004 3750 1158 3832 sgitetum
1182 3750 1222 3812 nb
1252 3749 1409 3811 historiae
1432 3749 1676 3812 ecclesiastieae

933 3849 1168 3932 scriptoribus,
1190 3871 1228 3913 ac
1245 3848 1677 3934 cumprimis'l‘illemontio,
1754 3927 1764 3936 „

932 3949 995 4034 ipsi
1018 3969 1099 4013 vero
1123 3951 1215 4014 nunti
1235 3964 1394 4034 perpetuu
1416 3947 1575 4027 falsorum
1598 3948 1676 4012 dec·

931 4072 1007 4114 rum
1035 4052 1202 4115 mentione
1223 4051 1432 4131 contrarium
1445 4049 1554 4134 potius
1578 4047 1676 4113 doce·

932 4167 1005 4230 ent,
1027 4151 1109 4216 hsce
1123 4153 1314 4238 relinquere
1332 4153 1452 4216 intucta
1472 4149 1595 4214 licebit.
1625 4150 1677 4212 lu·

931 4269 985 4318 ter
1008 4253 1101 4319 divos
1121 4276 1185 4319 una
1210 4274 1286 4318 cum
1310 4251 1380 4316 filio
1409 4251 1551 4316 solutum
1575 4249 1676 4316 trudit

931 4355 1134 4440 Eutropius,
1157 4355 1248 4417 numi
1262 4367 1381 4418 tacent.

995 4456 1089 4528 onr
1105 4459 1264 4533 Otacilia,
1287 4455 1329 4518 de
1343 4467 1406 4540 qua
1421 4453 1517 4520 inirs.

130 4596 1669 4637 -ffl--n—-m—-qd-*m—

45 4727 49 4734 -
166 4699 199 4772 a)
219 4695 365 4760 Zosimus.
