4158 5496
371 543 374 554 '
422 537 495 612 frit

415 703 516 768 'niore
539 701 588 766 sui
611 701 763 768 Gallieno
790 723 827 768 ac
850 700 1032 766 saloninae.
1048 698 1168 784 signati

421 805 530 888 numi,
553 804 624 888 ejus
645 806 748 868 frater
763 803 955 872 Valerianus
976 803 1030 866 vel
1053 822 1165 880 unum,

419 927 519 994 quem
542 907 701 1007 exhibere
722 922 853 992 posset,
875 927 942 970 non
963 903 1073 968 habet.

707 1010 892 1092 *⁴*

484 1113 567 1176 Cum
583 1131 665 1198 ergo
674 1109 884 1178 Valerianum
901 1109 970 1174 sive
981 1110 1165 1185 Caesarem,

418 1213 488 1278 site
510 1216 692 1298 Augtratum
710 1213 865 1296 ignorent
882 1209 1032 1275 historici
1051 1231 1165 1274 omnes

420 1313 555 1400 dempto
586 1314 773 1391 Trebellio,
804 1311 861 1399 qni
890 1326 1000 1406 tamen
1031 1326 1067 1376 et
1095 1313 1165 1396 ipse

421 1417 563 1490 dubitat,
586 1417 740 1502 ignorent
758 1416 856 1479 etiarn
874 1413 969 1491 lasti,
991 1435 1165 1488 marmora,

418 1530 454 1580 et
482 1517 571 1603 qnod
600 1519 740 1602 amplius
766 1527 835 1592 est,
866 1515 929 1600 ipsi
957 1517 1048 1579 numi
1078 1527 1166 1577 tants

416 1637 492 1682 cum
524 1619 618 1701 copia
644 1619 703 1692 iis,
736 1619 793 1704 qni
814 1617 952 1710 Augusti
974 1618 1027 1680 vel
1050 1617 1165 1680 Caesa·

416 1737 473 1782 res
495 1718 609 1792 fuere.
641 1721 779 1803 signati,
810 1719 924 1783 licebit
944 1734 979 1783 ct
1001 1718 1096 1781 nobis
1116 1717 1165 1800 ig-

416 1837 537 1882 norare
558 1820 769 1886 Valerianum
793 1820 862 1883 sive
885 1813 1069 1894 Caesarem,
1093 1819 1163 1881 sive

414 1921 619 2006 Augustum,
640 1943 683 1985 ne
704 1924 779 2006 plut
797 1941 894 1984 nosse
911 1921 993 2006 ipsis
1011 1933 1163 1984 veterum

415 2024 638 2085 monumentis
660 2023 838 2086 videamur.
869 2021 976 2090 Video
998 2023 1085 2083 enim
1108 2039 1164 2084 ve·

414 2141 474 2198 ro,
504 2123 545 2187 ab
576 2123 713 2187 eruditis
743 2125 821 2187 artis
843 2139 975 2189 nostrae
998 2120 1162 2206 magistris

414 2243 482 2288 non
512 2226 575 2292 alia
606 2225 647 2288 de
676 2245 772 2290 causa
802 2227 835 2291 ei
863 2225 1004 2290 tributos
1032 2243 1161 2297 numos,

415 2345 512 2410 quem
534 2325 624 2410 quod
643 2327 804 2390 Trebellii
823 2327 958 2390 oraculo
976 2331 1159 2410 Augustum

303 2485 305 2492 ,
415 2427 597 2492 adserentis
617 2407 716 2490 fidam
742 2428 903 2504 habuere,
933 2447 998 2512 qno
1018 2426 1160 2489 admisso

323 2597 327 2608 ⁵
415 2545 552 2588 necesse
583 2547 660 2590 sane
694 2529 775 2605 suit,
807 2529 838 2592 ei
870 2528 911 2592 de
942 2541 1071 2591 moneta
1103 2549 1160 2590 sua

414 2627 608 2712 providere,
644 2650 720 2692 cum
751 2629 912 2693 credibile
941 2631 1034 2696 nullo
1064 2615 1160 2711 pacto

414 2741 521 2804 esset,
561 2730 699 2818 Augusti
732 2731 886 2805 fratrent,
923 2713 1096 2824 ipsumque
1124 2741 1160 2790 et

414 2830 646 2906 Gaesaremet
667 2833 868 2915 Augustum,
896 2845 932 2895 et
959 2833 1050 2892 annis
1075 2829 1159 2893 adeo
1183 2913 1191 2932 ο

411 2945 490 2994 octo
520 2932 554 2992 in
584 2951 625 2994 co
656 2933 783 2995 honore
811 2933 1041 3016 conspicuum,
1070 2933 1160 3016 agni·

411 3042 547 3115 tumque
570 3051 635 3092 non
654 3031 752 3092 modo
770 3051 832 3116 per
848 3035 1040 3117 imperium,
1064 3033 1122 3094 aed
1140 3055 1157 3096 a

411 3145 526 3194 senatu
542 3131 639 3196 ctiam
655 3133 843 3214 populoque
857 3135 897 3199 R.
910 3135 1016 3197 numis
1031 3153 1156 3198 carere.

409 3231 503 3311 Ergo
521 3249 562 3290 ex
581 3230 637 3304 iis,
662 3247 744 3312 quae
770 3234 903 3315 copiose
926 3235 1024 3296 modo
1049 3234 1158 3326 dispu-

409 3329 496 3406 tari,
519 3330 688 3414 aequantia
710 3332 827 3413 partim
851 3355 946 3417 posse
971 3335 1061 3411 erui,
1084 3357 1158 3422 par·

409 3431 470 3494 tim
500 3431 605 3494 adhuc
632 3429 674 3491 ad
696 3449 733 3494 ea
756 3433 970 3497 animadverti
992 3435 1156 3498 existimo.

474 3535 499 3595 l.
522 3533 621 3593 Numi
641 3553 757 3596 omnes
780 3536 955 3608 Valeriano
978 3537 1045 3616 iun.
1061 3560 1079 3598 s
1098 3557 1156 3598 no-

409 3633 462 3697 bis
478 3632 637 3700 hactenus
656 3633 769 3711 tributi
786 3637 943 3700 Salonino
964 3649 1039 3700 sunt
1061 3635 1157 3698 resti·

408 3735 542 3810 tuendi,
574 3755 681 3818 neque
713 3737 819 3798 solum
848 3739 891 3814 ii,
921 3737 978 3822 qui
1008 3737 1155 3810 Caesaris

408 3855 529 3899 nomen
554 3835 761 3918 praeferunt,
792 3827 990 3914 sedetiam,
1014 3839 1070 3922 qui
1092 3841 1156 3898 Au-

409 3937 514 4024 gusti,
541 3937 663 4022 quique
691 3951 829 4026 propter
849 3937 1005 4019 juvenilia
1028 3939 1095 4000 oris
1117 3925 1156 3999 li·

406 4047 579 4102 neamenta
607 4039 785 4104 Valeriano
817 4039 941 4103 seniori
968 4039 1068 4101 tribui
1099 4059 1155 4101 ne·

408 4153 543 4226 queunt.
574 4141 667 4224 Ergo
698 4139 854 4224 deinceps
885 4141 976 4212 numi
1007 4137 1154 4203 Salonini

406 4219 646 4324 Aequatiinter
657 4241 958 4338 raras·1·ecensendi
968 4263 1034 4305 non
1047 4253 1153 4317 erunt,

315 4336 319 4348 ’
407 4343 469 4405 etsi
486 4343 646 4406 rarissimi
668 4343 752 4418 sint,
776 4345 832 4428 qui
853 4363 974 4405 nomen
997 4340 1153 4405 seton.

406 4443 547 4520 addunt,
579 4459 613 4507 et
642 4448 783 4530 quorum
807 4445 993 4508 testimonio
1016 4459 1153 4522 constat,

372 4625 378 4634 ἱ
404 4541 508 4608 fuisse
534 4563 615 4612 eum
644 4547 758 4632 saltem
784 4545 829 4612 ab
858 4546 1020 4630 aliquibus
1043 4549 1155 4633 Augu·

425 4711 472 4828 ὁι)
494 4753 561 4821 llel,
581 4754 618 4818 ll.
637 4767 754 4842 pm.
835 4715 836 4719 =
880 4734 884 4744 .

1018 508 1374 590 SALONINVS.
1460 511 1462 517 ⁴

1225 717 1310 766 stum
1332 698 1496 772 habitan,
1518 708 1554 760 et
1575 689 1665 779 quod
1688 663 1857 771 seqnitur,
1879 697 1973 765 posta

1225 805 1257 866 ci
1275 821 1392 864 numos
1408 802 1489 863 alios
1505 801 1652 881 Angusto
1666 789 1802 854 nomine
1817 783 1973 866 insignes,

1224 906 1287 968 etsi
1313 901 1463 967 Salonini
1485 917 1606 963 nomen
1629 893 1733 970 absit,
1767 883 1973 954 confidenter

1123 1037 1125 1044 ¹
1222 1007 1392 1096 applicari.

1285 1109 1327 1171 ll.
1349 1109 1387 1168 ln
1400 1089 1510 1168 numia
1525 1099 1663 1162 Graecis
1680 1093 1862 1184 discrimen
1877 1086 1973 1151 facila
2067 1077 2068 1130 l

1222 1225 1274 1276 est
1302 1210 1390 1272 inter
1417 1226 1534 1269 numos
1554 1199 1724 1271 Valeriani
1751 1194 1824 1270 ari,
1856 1201 1895 1252 ‘ct
1914 1190 1974 1255 Vs·

1221 1313 1340 1377 lariani
1365 1309 1511 1390 Salonini
1540 1302 1670 1388 nepotis
1700 1319 1777 1363 cnm
1808 1315 1854 1357 ex
1875 1291 1974 1354 linu-

1221 1415 1358 1490 mentis,
1385 1407 1567 1496 tum—quod
1586 1403 1684 1484 ltujus
1705 1411 1807 1483 capnt
1828 1395 1973 1481 plerum·

1220 1537 1286 1608 que
1315 1514 1439 1584 nudum
1470 1495 1540 1586 eet,¹
1569 1509 1664 1590 isque
1693 1501 1819 1563 caesar
1847 1508 1971 1559 tantum

1222 1637 1320 1706 saepe
1349 1607 1492 1690 dicitur,
1522 1625 1620 1676 etex
1642 1605 1761 1668 additis
1783 1595 1971 1662 nominibus

1221 1705 1313 1797 atita,
1350 1731 1387 1782 ut
1421 1717 1577 1788 comta,
1608 1709 1782 1782 carmina,
1815 1699 1969 1771 cauam,

1221 1841 1303 1908 quae
1318 1841 1413 1882 avum
1428 1839 1494 1880 non
1507 1825 1652 1902 tangunt.
1671 1805 1873 1876 Vaillantins
1886 1799 1969 1861 inter

1220 1925 1366 1987 Graecos
1396 1917 1564 1990 Valeriani
1597 1915 1666 1999 jum
1701 1928 1822 1972 numos
1854 1901 1967 1966 recitat

1219 2045 1354 2088 numum
1379 2019 1581 2093 Samiorum,
1611 2017 1645 2078 iu
1677 2013 1771 2095 cujne
1794 2005 1905 2071 antica
1922 1999 1968 2064 le·

1219 2127 1324 2210 gitur:
1340 2111 1396 2184 11¹)
1408 2101 1965 2182 ss0.A1ffl.0TaAflP1r-NOG.

1218 2226 1406 2298 Praefixum
1424 2217 1481 2286 tr.
1498 2225 1674 2304 uqaattuan
1688 2227 1799 2287 notat,
1821 2227 1886 2294 pro
1901 2222 1965 2290 quc

1218 2328 1338 2394 Graeci
1359 2330 1523 2412 scripsere
1546 2317 1591 2382 1r
1593 2315 1788 2390 ΝΑΤΙΟΟ,
1809 2325 1964 2391 utsupra

1216 2431 1251 2493 in
1279 2429 1466 2492 nominibus
1495 2423 1639 2488 Gallieni
1668 2417 1883 2484 advertimus.
1914 2413 1962 2473 Ex

1216 2529 1327 2593 addito
1346 2531 1422 2612 ipso
1446 2529 1509 2591 lroc
1531 2525 1664 2588 nomine
1690 2521 1770 2582 satis
1795 2517 1958 2584 docemur,

1216 2652 1351 2694 numum
1384 2629 1471 2692 hunc
1498 2624 1665 2696 Valeriani
1692 2622 1760 2704 jun.
1795 2633 1870 2680 esse
1896 2630 1958 2674 non

1216 2753 1332 2816 posse,
1355 2730 1414 2794 sed
1436 2727 1592 2794 Salonini.
1625 2723 1741 2787 Traxit
1763 2719 1820 2781 hic
1844 2734 1959 2780 nomes

1215 2833 1304 2898 istud
1320 2855 1337 2895 a
1354 2845 1449 2924 patra
1473 2827 1642 2902 Gallieno,
1671 2825 1748 2909 qui,
1778 2837 1816 2884 ut
1838 2821 1871 2882 ie
1890 2821 1958 2902 ejus

1215 2933 1403 2998 nominihus
1420 2931 1581 3006 vidimus,
1601 2925 1735 3010 Egnatii
1755 2941 1880 2986 nomen
1896 2941 1957 2982 ess

1215 3059 1234 3101 s
1265 3049 1358 3120 patae
1388 3031 1581 3105 Valeriane,
1612 3029 1670 3091 sed
1701 3039 1808 3088 matre
1841 3023 1955 3096 babuit,

1214 3159 1310 3222 quam
1357 3135 1584 3200 verisimiliter
1627 3127 1747 3190 dictam
1789 3125 1953 3220 Egnatium
2067 3173 2068 3184 ,

1215 3235 1567 3300 Gallienam‘diximus.
1590 3227 1723 3293 Atreum
1741 3241 1883 3302 condet,
1899 3227 1955 3290 Vs·
2067 3277 2068 3292 ,

1213 3339 1373 3402 lea-lanum
1396 3333 1610 3418 junonalia
1632 3345 1738 3393 matre
1759 3343 1888 3402 namna,
1906 3325 1955 3388 illi

1214 3439 1246 3501 in
1271 3439 1351 3502 lraec
1382 3437 1513 3498 nomina
1542 3434 1593 3517 jus
1615 3431 1779 3494 nonfuit.
1808 3429 1954 3492 Similem

1213 3540 1290 3602 huic
1321 3538 1550 3606 Nicaeensium
1580 3553 1713 3598 numum
1745 3533 1781 3594 in
1812 3529 1953 3614 ejusden
2067 3521 2068 3606 l

1212 3641 1381 3710 Valeriani
1408 3640 1474 3722 jun.
1503 3651 1634 3700 moneta
1660 3646 1824 3702 memorat
1853 3631 1955 3693 Pelle·

1211 3727 1333 3815 ninius,
1356 3739 1567 3825 inscriptum:
1594 3733 1648 3803 ·r.·
1664 3731 1710 3798 ll.
1732 3733 1829 3796 ΛΙΚ.
1853 3729 1955 3792 ΟΤΑ-

1211 3837 1515 3922 commone,
1556 3860 1598 3904 ex
1641 3859 1706 3924 qno
1751 3847 1954 3920 sequeretur,
2067 3861 2068 3920 3

1213 3935 1334 4026 duplex
1364 3943 1397 4005 ei
1430 3961 1630 4030 praenomen
1659 3939 1781 4013 inisse,
1815 3939 1905 4010 Casii,
1924 3947 1956 3998 et
2067 3931 2068 4024 J

1211 4047 1330 4109 Publii.
1371 4043 1436 4112 Vix
1466 4036 1567 4106 credo
1606 4055 1736 4103 exstare
1771 4037 1955 4118 atemptare

1212 4143 1352 4227 duplicis
1379 4142 1601 4230 praenominis
1623 4141 1656 4202 in
1678 4160 1744 4202 nno
1773 4137 1955 4220 eodemque

1212 4239 1501 4323 monumento‚>si
1531 4243 1635 4306 Getae
1663 4259 1782 4303 numos
1814 4240 1955 4301 Graecos
2067 4239 2068 4320 3

1212 4343 1334 4411 demas.
1358 4349 1470 4445 Quare
1493 4346 1659 4434 suspicor,
1681 4343 1716 4404 in
1737 4343 1805 4404 hoo
1828 4355 1955 4424 qnoque

1210 4447 1389 4531 legendnm
1420 4443 1469 4509 ΙΓ
1497 4447 1662 4510 elemento
1690 4447 1707 4506 Ι
1735 4443 1855 4508 oculos
1876 4438 1954 4523 tagi·
2067 4497 2068 4546 p
