4264 5516
372 503 417 581 a
878 497 1232 574 aanomnvs
1283 499 1432 576 1³1vs.

394 697 531 768 argento
556 681 699 747 nondum
722 680 896 746 obseruari.
927 681 1046 800 Quare
1058 703 1134 748 cana
1191 681 1295 746 altero
1311 683 1444 746 SYlllA
1456 682 1631 762 canistrum
1647 699 1697 748 est
1714 699 1864 751 ιοιιιιιιιι
1875 688 1933 751 ιιι

386 800 460 848 *tarn
485 798 705 861 constantem,
737 797 770 846 et
791 780 983 846 definitum
973 805 1008 846 ιιι
1025 785 1065 846 iis
1087 783 1135 848 vi·
1190 785 1251 846 bus
1273 785 1422 862 coronis,
1454 803 1590 870 ιιιιιιιιιιι
1621 809 1685 850 una
1713 787 1838 852 alteri
1828 809 1933 872 ampo·

391 885 527 948 deamus
551 883 701 962 modum,
736 899 771 948 ut
801 904 915 946 eorum
922 889 1031 947 'recta
1058 904 1135 968 pro·
1192 885 1252 948 sita
1279 899 1338 949 est.
1371 870 1527 948 innumo
1540 888 1672 950 DACIA
1690 887 1842 952 dieantur
1859 909 1932 954 esse

393 985 488 1048 cedat
520 985 713 1071 explicatio,
737 1005 941 1069 nequaquam
968 983 1136 1070 inquiren·
1191 957 1379 1064 monticuli,
1410 960 1470 1048 sed
1492 985 1580 1050 baud
1603 975 1701 1053 dubie
1719 1009 1861 1054 coronae
1882 1013 1934 1055 ra·

393 1087 551 1161 duratio,
574 1108 657 1172 quae
671 1087 712 1151 ad
730 1087 873 1173 singulas
892 1091 1031 1154 saaraim
1056 1109 1133 1173 pro·
1192 1085 1237 1150 dii
1253 1087 1370 1150 horum
1381 1087 1524 1171 speciem
1543 1089 1713 1174 praebant.
1735 1091 1879 1175 lgitnr'
1854 1113 1881 1154 ιι
1891 1112 1932 1158 ex

390 1188 533 1264 vincias,
553 1188 612 1249 aed
629 1208 712 1272 quaa
734 1186 774 1248 sd
798 1209 912 1252 omnes
934 1192 1031 1254 simul
1048 1211 1135 1253 aum·
1189 1188 1331 1273 imagine
1367 1187 1560 1271 capiendum
1598 1189 1772 1273 judicium,
1813 1192 1933 1274 partim

389 1300 462 1370 ptaa
484 1289 658 1372 pertineat.
690 1288 818 1383 Quoia
844 1292 992 1354 examine
1018 1311 1133 1378 parum
1160 1331 1163 1354 .
1189 1309 1343 1354 coronam
1363 1288 1464 1363 sistit,
1488 1290 1605 1372 partim
1624 1291 1818 1368 canistrum,
1841 1291 1933 1376 qnod·

389 1391 523 1473 reperio
533 1388 638 1452 solida
652 1389 906 1474 antiquariorum
913 1391 1053 1476 judicia,
1076 1389 1133 1476 qui
1189 1389 1354 1473 quidpiam
1380 1389 1528 1454 includit.
1565 1392 1625 1452 His
1651 1390 1802 1454 stabilitis
1832 1411 1932 1476 expo·

389 1487 547 1553 hactenns
560 1490 595 1552 in
610 1487 671 1550 hos
686 1509 802 1551 numus
823 1493 1032 1554 commentati
1046 1507 1130 1568 sunt,
1188 1489 1288 1552 ditior
1306 1488 1414 1553 estad
1430 1503 1539 1552 cetera
1559 1491 1627 1566 ria,
1652 1511 1715 1574 qna
1738 1492 1932 1559 sententian

389 1585 469 1652 dnm
499 1589 555 1656 alii
582 1588 623 1670 qd
648 1589 859 1672 explicandae
885 1609 942 1654 eos
973 1591 1133 1655 advocant
1187 1610 1294 1670 meam
1311 1589 1662 1674 eruditisprcpositnm
1681 1609 1736 1655 eo.

330 1710 334 1716 ·
388 1691 611 1758 testimonium
637 1689 813 1773 Capitolini
830 1693 1012 1774 generatim
1036 1691 1133 1756 adfir-
1251 1691 1355 1766 lllud,
1377 1690 1466 1776 qnod
1488 1689 1646 1776 figurula
1666 1691 1717 1754 bis
1742 1693 1849 1756 numia
1865 1714 1933 1759 ma·

389 1793 525 1866 mantis,
572 1791 753 1874 imperante
791 1792 957 1855 Antonino
1000 1807 1132 1856 cunctas
1188 1813 1234 1855 nn
1247 1791 1411 1876 praefert,
1434 1813 1589 1856 coronam
1617 1813 1748 1855 auream
1767 1815 1839 1860 esse
1857 1817 1934 1860 cen·

292 1955 293 1962 ,
384 1897 573 2008 prouincias
583 1895 747 1971 floruisse,
770 1891 907 2008 perinde
925 1895 1016 1978 qnasi
1033 1895 1133 1958 Anto·
1190 1913 1265 1970 seo,
1297 1907 1352 1956 ant
1373 1893 1460 1978 quod
1493 1915 1553 1977 pro
1583 1893 1730 1956 boedari
1751 1899 1933 1976 consuevit,

387 1991 484 2054 uinus
508 1993 542 2054 in
566 1993 639 2076 ipso
662 1993 793 2077 imperii
817 1993 941 2058 aditu
929 2015 994 2078 Jsm
1010 1995 1133 2058 stabili·
1190 2017 1304 2058 cmram
1320 1999 1530 2060 coronarium.
1537 1993 1662 2062 Vetus
1678 1995 1764 2058 enim
1787 1998 1931 2114 eratjatp

387 2093 475 2155 verit
514 2093 708 2156 felicitatem
746 2093 1007 2188 provinciarum,
1046 2115 1133 2158 ιιιιι·
1190 2095 1288 2158 etiam
1319 2093 1404 2178 apud
1435 2097 1579 2158 Graecos
1601 2115 1690 2172 mos,
1720 2111 1756 2160 ut
1780 2097 1838 2184 iis,
1862 2097 1933 2184 qni·

388 2213 454 2277 que
480 2194 542 2256 hae
563 2215 632 2277 per
627 2193 848 2282 monetarios
870 2196 1036 2258 Romanoa
1056 2216 1134 2280 pro·
1189 2194 1251 2256 bus
1273 2193 1442 2257 habendus
1470 2209 1558 2258 esset
1579 2195 1704 2272 bonos,
1735 2211 1791 2260 ent
1810 2197 1932 2262 baben·

313 2305 320 2320 '
387 2293 495 2358 fessae
526 2295 608 2370 sint,
641 2307 675 2356 et
706 2293 881 2376 Capitolini
911 2293 1044 2359 effatum
1065 2315 1132 2360 non
1190 2295 1251 2360 dae
1280 2296 1422 2381 gratiae,
1462 2316 1584 2361 corona
1613 2317 1711 2360 aurea
1742 2289 1930 2386 donaretur.

389 2414 487 2457 omne
513 2395 584 2478 ejus
605 2393 737 2476 imperii
762 2406 907 2476 tempus,
930 2395 990 2456 aad
1013 2418 1132 2460 annum
1189 2399 1266 2459 lam·
1283 2417 1366 2460 anno
1395 2399 1436 2464 V·
1468 2398 1504 2460 C.
1535 2397 1609 2464 331.
1642 2399 1802 2462 Thraciae
1830 2399 1932 2464 nrbes

388 2495 519 2557 nonnisi
539 2493 681 2578 primum
706 2493 900 2576 respiceret.
928 2493 1019 2590 Quid
1043 2497 1132 2580 quod
1187 2497 1356 2560 Brasidam
1378 2497 1572 2580 Spartanum
1595 2514 1748 2586 tanquam
1771 2501 1930 2566 Graeciae

385 2599 450 2660 hoc
467 2609 563 2680 pacto
575 2611 711 2658 necesse
729 2595 793 2656 erit
811 2593 942 2673 dicere,
964 2595 1130 2658 Parthiam
1187 2597 1399 2661 liberatorem
1416 2619 1537 2662 corona
1553 2621 1652 2664 aurea
1664 2597 1862 2666 redimirere
1889 2600 1930 2683 ⁸).

386 2717 535 2784 quoquo,
557 2717 595 2760 ac
620 2694 786 2776 Scythiam
805 2695 839 2756 in
861 2695 913 2758 hia
936 2697 1044 2759 numia
1064 2715 1131 2758 tne-
1186 2696 1355 2768 Vetustius
1374 2703 1572 2786 exemplum
1596 2701 1639 2764 de
1668 2715 1822 2766 coronata
1848 2721 1929 2769 auro

385 2811 528 2862 moratas
557 2819 577 2860 a
607 2795 798 2858 monetariis
822 2796 932 2860 beatas
963 2795 1132 2882 praedica·
1186 2799 1362 2865 Damareta
1379 2802 1516 2866 Gelonis
1532 2821 1635 2866 uxore
1660 2791 1807 2866 dabimus
1831 2803 1928 2884 infra,

384 2901 431 2977 ri,
455 2913 488 2962 et
511 2897 664 2960 Antonini
686 2895 838 2979 auspiciis
853 2895 1027 2976 floruisse,
1049 2919 1128 3016 quas
1185 2916 1255 2966 tum
1279 2915 1314 2964 et
1329 2903 1529 2986 posteriora,
1555 2923 1695 2988 qnorum
1721 2905 1829 2967 multa
1849 2925 1929 2988 quo·

383 2987 493 3065 teman
517 3020 590 3062 esse
614 2995 760 3060 infirmas
785 3000 1007 3062 Romanorum
1028 3000 1129 3062 maxi-
1186 3024 1250 3088 que
1277 3017 1533 3068 commemorant
1558 3003 1754 3087 scriptores,
1779 3025 1854 3068 cum
1872 3005 1929 3070 ha·

382 3121 437 3164 me
462 3101 630 3162 intererat.
673 3099 740 3161 Alii
761 3098 888 3183 singula
905 3097 1062 3164 Autumni
1081 3099 1129 3164 fa·
1183 3105 1269 3168 bitoa
1294 3127 1311 3167 a
1335 3105 1519 3208 uisitatibus
1544 3105 1730 3168 Alexandro
1755 3107 1801 3169 M.
1824 3107 1927 3170 hono·

384 3214 455 3276 cta,
487 3220 570 3284 quae
589 3199 631 3262 ad
651 3199 796 3284 singulas
821 3199 1005 3283 provincias
1026 3202 1128 3284 parti·
1182 3227 1239 3270 ιιι
1273 3219 1546 3282 commemorant,
1579 3219 1649 3268 ιιιιιι
1683 3206 1781 3273 otiam
1805 3209 1927 3271 Demo·
2002 3232 2005 3238 ·

382 3315 480 3377 nent,
503 3321 587 3384 quae
610 3314 760 3362 auctores
779 3314 910 3366 veteres
932 3316 1125 3380 memorant,
1183 3308 1317 3372 sthenes
1336 3303 1380 3389 ¹‘).
1401 3313 1509 3394 Atque
1529 3307 1697 3393 antiquum
1722 3307 1811 3369 istud
1826 3305 1926 3372 Grae·

384 3401 426 3465 ad
443 3401 504 3463 hos
520 3421 637 3462 numos
658 3399 841 3485 adplicant,
869 3402 1008 3486 perinde
1033 3405 1125 3489 quasi
1183 3429 1297 3472 corum
1319 3409 1518 3486 institutum,
1546 3408 1698 3492 quoniam
1723 3407 1765 3472 ad
1787 3427 1859 3473 rem
1879 3407 1927 3472 ia·¹

385 3502 511 3576 omnia,
534 3520 617 3616 qupe
639 3515 770 3565 veteres
793 3502 835 3564 de
859 3503 1025 3568 Antonino
1050 3527 1126 3590 pro·
1182 3509 1331 3572 ciendam
1355 3511 1479 3586 valuit,
1498 3509 1629 3572 facilem
1652 3507 1739 3591 apud
1760 3511 1926 3574 Romanos

387 3602 518 3676 didere,
541 3601 648 3685 primo
667 3601 773 3683 statim
789 3601 920 3686 imperii
942 3625 1043 3682 anno,
1066 3628 1125 3670 sen
1182 3610 1304 3674 aditum
1333 3610 1469 3695 reperit.
1511 3608 1628 3673 Adhuc
1654 3621 1759 3680 stante
1787 3609 1925 3701 repub

341 3712 344 3718 ‘
382 3703 417 3766 in
432 3703 603 3778 consulatu
624 3705 665 3766 ll.
694 3703 852 3768 accidisse
866 3705 915 3787 ιίι
938 3705 1140 3772 existiman·-
1181 3709 1480 3774 AemilioPanllo
1470 3708 1684 3792 intriumpho
1702 3710 1844 3774 exvicta
1857 3714 1926 3775 Μι-

320 3836 334 3864 ι
382 3803 471 3869 dnm.
1181 3811 1319 3876 cedonia
1342 3812 1507 3896 praelatae
1537 3827 1678 3891 coronae
1702 3829 1820 3874 aureae
1836 3810 1925 3888 CD,

445 3907 629 3990 Antequam
653 3867 824 3988 probabile
841 3905 883 3971 de
899 3906 950 3970 his
966 3906 1123 3992 judicium
1180 3913 1341 3978 ahianlio
1363 3932 1405 3974 ex
1429 3911 1515 3976 victa
1541 3909 1769 3992 Gallograecia
1792 3911 1875 3992 CC.;
1904 3930 1923 3974 a

381 4003 465 4068 ferri
505 4007 624 4090 possit,
664 4004 885 4071 deliniendum
921 4011 1121 4089 necessario,
1181 4016 1221 4076 T.
1240 4011 1396 4105 Qpinctio
1411 4030 1454 4074 ex
1469 4009 1761 4074 rictahiacodonia
1786 4011 1921 4090 CXIV„

381 4108 536 4191 quidnam
559 4108 602 4169 sit
626 4106 729 4182 illud,
755 4109 847 4192 quod
871 4107 972 4194 partis
986 4131 1122 4176 aversae
1178 4134 1258 4198 quaa
1281 4112 1429 4178 civitates
1449 4111 1596 4175 Graecae
1613 4109 1793 4176 victoribus
1819 4113 1922 4178 hono·

380 4204 488 4289 figura
518 4227 616 4268 manu
638 4201 772 4272 deitera
801 4209 951 4295 porrigit.
988 4213 1025 4274 ln
1048 4213 1141 4284 aliis,
1178 4215 1225 4278 ris
1241 4234 1342 4298 ergo,
1367 4212 1478 4278 verius
1502 4231 1598 4277 causa
1619 4211 1797 4295 captandae
1820 4212 1920 4278 hene·

378 4305 547 4369 luculenta
583 4320 634 4370 est
670 4327 809 4388 corona,
855 4311 889 4373 in
925 4311 998 4377 aliia
1035 4315 1123 4380 cani·
1178 4315 1342 4382 valentiae
1359 4313 1400 4378 ad
1417 4312 1617 4398 triumphum
1632 4313 1794 4378 obtulere.
1833 4314 1919 4384 Vide

379 4407 455 4484 stri,
495 4420 551 4470 aut
580 4427 695 4492 capsae
723 4410 882 4494 quaedam
899 4415 1037 4498 species.
1080 4421 1117 4480 ln
1179 4419 1221 4482 de
1257 4403 1309 4480 his
1345 4414 1487 4481 Livium.
1531 4413 1638 4504 Quam
1673 4413 1822 4498 copiosas
1862 4433 1920 4480 eo·

378 4527 478 4572 numo
502 4507 697 4598 PARTHIA
713 4525 764 4575 est
786 4533 907 4578 corona
921 4515 1060 4596 radiata,
1081 4519 1116 4582 in
1174 4519 1249 4586 dem
1270 4517 1402 4582 nomina
1424 4513 1597 4580 abstulerit
1610 4517 1636 4576 l.
1655 4515 1793 4594 Caesar,
1817 4513 1922 4582 doce.

382 4653 1919 4686 Ἢ

432 4733 464 4807 ι)
483 4731 618 4811 Thucyd.
637 4733 669 4792 1..
687 4733 739 4800 Ν.
759 4753 785 4796 c.
804 4747 866 4801 ιιι.
966 4737 1002 4816 b)
1021 4741 1105 4803 Orat.
1125 4741 1162 4804 de
1182 4743 1308 4805 Corona.
