4264 5516
511 491 559 566 tt.
613 487 921 570 GALERIYS

159 677 278 744 xvllt.
305 675 409 753 sistit,
442 675 584 760 probare
612 675 797 751 contendit,
829 694 904 736 eum

158 780 257 842 matri
273 793 368 854 octo,
392 777 550 842 decemve
567 777 658 840 annia
675 777 777 839 luisse
793 797 906 860 auper-

158 881 288 956 stitem,
311 893 475 944 mortuum
499 878 581 942 adeo
604 877 669 961 jem
695 878 770 941 satis
787 897 903 966 prove·

158 997 214 1044 cto
234 981 391 1044 Antonini
415 979 566 1064 irnperio.
595 981 720 1044 Verum
739 1002 778 1042 an
799 977 904 1042 credi-

157 1083 249 1159 bile,
289 1083 384 1145 etiam
413 1093 481 1143 tum
514 1081 673 1154 Galerio,
695 1079 760 1162 jam
790 1081 902 1165 utique

158 1186 238 1246 satia
260 1184 391 1257 adulto,
428 1182 572 1244 nondum
596 1183 763 1246 decretum
788 1183 904 1244 Caesa·

155 1285 203 1346 ris
222 1285 376 1346 titulum?
398 1289 439 1346 Et
456 1303 536 1348 vero
553 1293 601 1346 tot
624 1296 798 1368 supersunt
812 1281 902 1343 numi
923 1280 928 1291 ¹

157 1387 366 1462 maurelii,
389 1387 445 1471 qui
470 1389 590 1448 Caesar
611 1399 735 1448 tantum
758 1397 827 1446 erat
841 1403 903 1466 per
933 1452 934 1458 χ

158 1488 390 1572 adoptionem,
428 1487 611 1570 imperante
640 1485 806 1548 Antonino
836 1487 903 1546 Ro·
931 1537 933 1541 .

157 1609 230 1651 mae
249 1589 378 1672 signati,
401 1602 433 1650 et
457 1589 583 1651 nullum
604 1587 632 1648 is
646 1587 767 1670 signari
782 1585 904 1668 permi-

971 489 1336 568 ANTONINVS.
1582 521 1584 529 s
1654 514 1701 586 as

960 675 1162 760 persuadere
1188 677 1267 738 mihi
1288 675 1532 762 haudquaquam
1560 699 1704 764 possum.

960 777 1091 841 Deinde
1114 799 1188 840 eum
1216 771 1349 840 numum
1375 781 1426 842 uir
1444 778 1591 842 eruditus
1610 795 1706 846 vocat
1820 851 1821 855 Ἰ

960 879 1216 944 Alexandrinum
1232 878 1376 942 fabricae
1396 881 1501 942 causis
1517 877 1705 966 permotuaa
1826 961 1831 970 ι
1872 879 1874 886 ’

960 995 992 1044 at
1013 1002 1073 1043 cur
1094 993 1373 1065 praetermorem
1402 981 1493 1043 abest
1516 1003 1617 1044 annus
1633 983 1704 1046 'im-

959 1082 1068 1168 perii?
1109 1083 1175 1144 Cur
1198 1081 1232 1142 in
1252 1081 1315 1146 hoc
1340 1083 1505 1164 reperitur
1527 1083 1623 1146 litera
1651 1075 1703 1159 Σ,

960 1203 1043 1268 quae
1074 1183 1107 1244 in
1133 1197 1263 1244 maneta
1293 1181 1455 1266 Aegyptia
1483 1182 1547 1266 jam
1580 1185 1656 1248 inde
1684 1211 1703 1250 a

961 1283 1102 1367 Trajano
1146 1285 1255 1346 exulat
1284 1284 1415 1348 intecto
1452 1299 1620 1348 constante
1650 1288 1702 1366 C?

959 1381 1084 1450 Verum
1102 1383 1242 1446 denumi
1259 1384 1329 1466 ejus
1339 1385 1527 1472 integritate
1542 1386 1702 1468 judicium

958 1485 1068 1548 ferant
1092 1485 1133 1562 ii,
1162 1485 1223 1569 qui
1245 1485 1414 1562 uiderunt,
1446 1485 1576 1552 etcum
1603 1491 1703 1552 animi

958 1586 1121 1670 pendent,
1152 1585 1266 1650 videre
1291 1601 1439 1670 pessunt.
1477 1591 1605 1654 Interea
1631 1611 1702 1655 cer·

958 1700 1027 1748 tum
1046 1701 1114 1764 est,
1137 1709 1272 1750 numum
1287 1687 1702 1772 priorem'signatumsnia-

959 1807 994 1849 se
1009 1800 1084 1870 post
1101 1789 1213 1851 matris
1229 1787 1402 1852 Faustinae
1419 1809 1600 1867 excessum,
1618 1814 1703 1877 quae

158 1691 237 1752 serit
255 1689 289 1750 in
305 1689 466 1751 honorem
484 1687 545 1750 filii
562 1711 623 1774 per
637 1688 811 1751 naturam?
835 1689 902 1750 De-

125 1827 135 1838 ,
156 1792 256 1877 nique
270 1792 298 1853 si
312 1789 506 1874 permissum
523 1804 573 1852 est
588 1791 709 1873 eloqui,
732 1782 901 1878 quodaen-

156 1893 220 1968 tio,
248 1914 316 1956 uon
339 1913 454 1976 perum
482 1891 562 1952 mihi
579 1891 711 1954 videtur
731 1897 908 1974 suspectus
958 1888 992 1950 in
1020 1909 1123 1951 numo
1152 1889 1277 1966 velata,
1315 1903 1349 1952 et
1377 1909 1451 1953 cum
1482 1891 1702 1976 appellatione

154 1996 241 2056 alter
265 1993 321 2056 hio
348 2015 486 2068 narnus,
514 1993 576 2055 etsi
606 1993 676 2076 ejus
700 1989 782 2054 fides
809 1991 901 2074 gravi
959 1987 1080 2053 ΘΕΑΟ
1102 1991 1319 2074 proponitur.
1340 2005 1373 2078 et
1387 1992 1486 2074 plane
1508 1993 1700 2071 verisimile,

152 2115 322 2178 praecone
345 2094 486 2170 nitatur,
510 2095 602 2176 eujus
620 2093 789 2177 exemplar
812 2089 901 2153 aliud
958 2092 1046 2154 hune
1067 2091 1184 2154 Galea.
1206 2092 1407 2163 Antoninum
1441 2093 1568 2176 privato
1594 2096 1702 2160 adhuc

153 2197 314 2257 haetenus
343 2209 511 2279 repertum
541 2215 608 2256 non
638 2209 698 2256 est.
728 2196 809 2280 Nam
835 2192 902 2274 pri·
958 2207 1050 2277 patre
1067 2195 1178 2256 vivere
1191 2187 1594 2279 desivissequaecanque
1610 2197 1703 2258 dein·

153 2317 245 2358 mum
270 2296 429 2360 molestae
454 2310 528 2358 sunt
549 2297 665 2358 literae
688 2289 798 2370 TIR,
821 2316 900 2379 quas
958 2294 999 2357 de
1015 2293 1190 2370 causafuit,
1215 2302 1304 2374 (nam
1320 2307 1410 2379 quot,
1433 2307 1467 2358 et
1482 2309 1599 2378 quanta
1614 2276 1726 2375 sunt(

155 2397 305 2481 speciosa
330 2397 453 2482 magis,
485 2419 580 2482 qaam
606 2396 779 2460 verisimili
797 2396 901 2480 expli·
957 2415 1040 2480 quae
1072 2394 1277 2479 ignoramus)
1306 2391 1389 2480 quae
1408 2394 1566 2459 Graecam
1590 2399 1701 2464 civita·

152 2500 281 2560 catione
293 2499 451 2583 legendas
461 2494 662 2572 censetT105
673 2493 794 2579 Ρωμης,
810 2499 900 2583 quod
955 2509 1045 2574 tem,
1068 2494 1164 2577 hujus
1189 2511 1357 2560 auctorem
1372 2497 1472 2574 nami,
1495 2497 1635 2581 impulit,
1664 2515 1700 2561 ut

152 2599 318 2662 utrumsit
331 2621 391 2684 pro
409 2601 478 2683 ejus
494 2599 607 2662 aetatis
617 2600 760 2684 ingenio,
779 2619 898 2684 nempe
956 2619 1030 2662 cum
1049 2593 1195 2680 Augusta
1208 2603 1335 2661 mortua
1354 2597 1458 2662 filium
1475 2619 1703 2685 quoquemor·

154 2699 263 2762 lilium
292 2701 501 2786 imperatoria
529 2701 753 2783 dicerefila'am
770 2705 899 2778 Romae,
955 2691 1047 2764 tuum
1069 2699 1101 2761 iu
1117 2713 1249 2764 moneta
1263 2700 1419 2764 sociaret.
1522 2743 1534 2762 0

716 3107 719 3114 ι
798 3025 1055 3086 ammam

357 3227 491 3284 Paratum
512 3225 678 3284 commatis
694 3225 876 3303 peregrinata
970 3257 973 3263 ,

443 3323 548 3386 Aenei
571 3325 595 3384 l.
617 3321 744 3384 soranae
778 3360 1318 3388 ...........
1364 3325 1497 3388 RRRR.

448 3405 753 3486 mmummm
778 3467 1321 3488 ............
1364 3427 1468 3486 mn

451 3529 576 3589 Eorum
596 3525 832 3598 multi,exataut
847 3525 977 3610 spuriis*

559 3853 601 3910 tt.
624 3849 905 3913 AVneths
947 3843 1287 3912 ANTONJNVSL
1362 3937 1364 3942 Ι

210 4049 482 4121 Natus-Romae,
505 4044 576 4130 ejus
602 4067 663 4110 avo
678 4047 785 4110 Annio
803 4048 893 4116 Vero
952 4059 986 4108 et
1011 4043 1159 4108 Lucillae
1190 4063 1310 4108 nomen
1343 4043 1407 4110 fait
1430 4046 1478 4127 ο),
1518 4046 1694 4133 habuitque

146 4153 190 4212 11.
220 4161 254 4212 et
277 4150 411 4233 Augure
430 4169 514 4225 coe,
545 4169 603 4212 teu
625 4149 668 4218 V.
692 4152 728 4213 C.
752 4149 827 4228 874.
851 4149 892 4231 ¹).
926 4146 1081 4210 -amitam'
1106 4146 1270 4246 Galeqiam
1296 4147 1481 4213 Faustinam
1501 4151 1693 4237 Augustam,
1727 4223 1728 4228 η

144 4253 203 4318 VI.
234 4252 311 4316 Kal.
344 4251 446 4336 Majas
469 4246 503 4330 b)
534 4263 627 4336 patre
663 4251 771 4314 Annio
801 4251 892 4318 Vero
950 4247 1043 4330 cujus
1066 4247 1186 4312 deinde
1214 4247 1315 4324 filiam
1338 4251 1541 4330 Faustinam,
1578 4273 1693 4318 conso·

144 4366 320 4436 praetore,
353 4369 459 4418 matre
484 4353 629 4419 Domitia
655 4353 809 4428 Calvssla,
839 4349 892 4414 cui
949 4349 1076 4414 bainam
1098 4369 1218 4435 nempe
1242 4371 1354 4428 auam,
1378 4352 1536 4435 auxiat).
1563 4358 1693 4419 Nomen

201 4679 233 4748 a)
258 4677 500 4756 Capitolincap.
518 4694 546 4740 t.
617 4677 652 4748 b)
672 4676 749 4735 ibid.
767 4667 1119 4736 atnateadartambec.
1195 4673 1447 4758 c)·Capitolin.in
1462 4675 1694 4742 Malloniae.
1758 4663 1812 4764 '¹

146 4766 297 4842 spartian.
314 4768 348 4826 in
362 4766 486 4827 Iuliano.
503 4789 527 4827 c.
544 4783 569 4829 t.
644 4769 679 4844 d)
699 4770 857 4848 Capitolia.
874 4792 897 4832 c.
918 4787 941 4832 t·

712 4878 717 4886 ·
1416 4860 1446 4920 F
1469 4878 1486 4919 a
