4178 5486
705 479 1135 566 Hes'rtultttvs..
1604 503 1675 568 351

100 643 408 730 'concentus
445 659 574 732 inse.
617 663 671 732 vat
706 668 879 733 emesa.

1000 665 1066 763 Qui
1083 665 1242 751 generum
1258 643 1399 744 malunt,
1414 649 1684 754 quosinterpost
1757 669 1760 672 ’

133 765 460 840 AVGVSTORVM,
483 767 516 827 in
544 767 662 850 quibus
679 783 812 852 praeter
830 791 881 834 ca·
935 768 1147 843 Pontinium,
1171 769 1369 848 Tristanum,
1394 771 1626 854 spanhemium
1644 773 1680 850 e),
1752 845 1755 852 ¹

134 868 203 952 pita
219 859 334 943 Decii,
356 867 574 939 Etr-uacillae,
598 881 630 928 et
646 868 807 931 Herennii
828 891 882 934 oe·

136 969 242 1034 currit
255 969 346 1030 aliud
358 990 435 1034 cum
443 967 613 1030 Herennio
627 963 797 1043 sociatum:
821 973 882 1031 Ee·

130 1091 174 1134 se
198 1070 283 1132 illud
305 1069 392 1150 ejus,
415 1089 512 1153 quem
540 1071 639 1143 numi,
653 1070 751 1154 obvii,
767 1074 797 1132 C.
820 1076 883 1134 Va·

39 1185 42 1192 ’
130 1175 254 1236 anem
268 1175 489 1236 Hostilianum
502 1174 653 1232 Messium
663 1175 813 1248 Quintum
828 1194 884 1256 ap·

133 1273 280 1356 pellant,
302 1273 389 1334 inter
406 1271 604 1355 antiquarios
626 1293 739 1335 omnes
764 1293 883 1339 conre-

133 1375 197 1436 uit.
219 1377 300 1448 Nam
318 1375 521 1437 Herennium
531 1393 603 1437 eum
614 1373 799 1436 Hostiliano
814 1395 881 1436 non

137 1474 239 1541 modo
258 1464 421 1559 expressis
438 1475 547 1543 verbis
569 1476 736 1560 conjungit
748 1497 879 1552 numus,

137 1597 239 1663 quem
272 1577 487 1662 spanhemius
510 1598 556 1640 ex
593 1601 673 1661 gaza
700 1576 882 1666 Barberins

937 871 1084 954 aliosque
1107 869 1170 934 suit
1184 871 1286 934 etiam
1310 871 1453 940 Liebetta
1474 868 1517 950 s),
1550 891 1681 935 eausam

938 993 1028 1034 susm
1052 972 1199 1056 patronis
1219 972 1402 1066 historicis,
1425 973 1552 1056 stipsis
1574 972 1682 1036 Hosti·

926 1074 1018 1136 liaui
1056 1073 1242 1136 nominibus
1281 1095 1489 1162 propugnare
1521 1076 1681 1138 nituntur.

938 1174 1142 1249 Histericos,
1167 1173 1223 1260 qui
1247 1175 1343 1258 liujus
1364 1177 1478 1239 aetatis
1503 1173 1588 1239 facta
1615 1197 1683 1261 pne·

938 1277 1063 1339 moriae
1094 1275 1289 1366 prodidere,
1326 1297 1391 1338 nou
1428 1297 1559 1354 moror,
1593 1269 1682 1362 ¹quos

939 1377 1016 1440 satis
1036 1375 1245 1440 constituam
1264 1390 1377 1459 aperte
1398 1376 1460 1438 sibi
1479 1377 1681 1440 contradico·

937 1497 997 1550 re,
1019 1491 1070 1553 nt,
1091 1477 1169 1561 quid
1184 1475 1512 1561 deniquetcnentlum
1531 1481 1592 1555 sit,
1613 1479 1681 1562 pla·
1755 1553 1758 1558 1

937 1579 1070 1640 nissime
1091 1579 1242 1662 ignores„
1266 1597 1349 1662 quae
1368 1579 1474 1642 taedia
1490 1579 1530 1641 ad
1551 1600 1682 1666 causam

137 1681 269 1765 prodit,
291 1680 485 1762 inscriptus:
508 1681 549 1774 Q.
569 1683 670 1740 tien.
688 1679 881 1740 E'rtt.1)E·
935 1691 1149 1766 praesentem·
1160 1677 1479 1762 pertiuentiavidere
1492 1678 1682 1762 potcsaputl

115 1799 120 1807 ·
140 1783 249 1849 cive.
271 1783 307 1846 C.
323 1782 733 1850 vaL.ttos¹t1nttnvs
751 1784 799 1859 ι),
822 1779 882 1842 sed

139 1896 174 1948 et
195 1903 354 1960 marmor,
387 1883 474 1966 quod
509 1881 681 1944 extGorio
712 1881 789 1944 citat
811 1885 883 1941 Mu·

113 2033 119 2038 -
138 1985 282 2048 raterius
298 1984 340 2064 ὴ).
370 1989 412 2050 At
430 1987 515 2048 e'nim
534 1997 628 2056 vetus,
642 1997 692 2044 est
706 1983 793 2064 inter
811 2002 884 2042 eru·

137 2081 228 2149 (litos
251 2087 326 2162 lis,'
343 2088 413 2149 aliis
441 2089 527 2150 hune
549 2084 768 2148 Hostilianum
787 2081 884 2144 Decii

136 2191 256 2270 filium,
280 2189 352 2250 aliis
371 2210 520 2270 penarum
542 2187 637 2277 enixe
656 2183 881 2248 statuentibus.

141 2287 208 2384 Qui
222 2287 325 2350 filium
335 2291 466 2368 volunt,
491 2309 630 2376 quorum
641 2306 708 2371 ego
723 2284 880 2370 judicium
897 2329 900 2338 .

139 2388 257 2453 lubens
283 2391 485 2476 implectur,
515 2395 664 2456 nituntur.
686 2385 881 2450 auctoritate

140 2492 282 2568 Zosimi,
306 2494 361 2578 qui
373 2494 495 2555 ‹liserte
510 2495 648 2556 alterum
665 2489 761 2552 Decii
773 2486 882 2548 lilium

138 2609 321 2671 memorat,
350 2597 412 2658 etsi
434 2595 504 2678 ejus
525 2613 644 2656 nomeu
674 2612 740 2654 non
761 2587 882 2672 prodit,

141 2715 240 2780 quem
261 2711 335 2780 post
365 2697 484 2782 patris,
517 2683 692 2776 fratrisque
722 2687 883 2751 Ilerennii

140 2799 297 2860 miserum
327 2797 430 2861 latum
460 2796 523 2858 sibi
552 2794 724 2877 conlegam
747 2791 882 2853 sociarit

141 2899 369 2961 Trebonianua
401 2901 443 2979 θ).
486 2899 592 2981 Atque
620 2895 717 2956 etiam
748 2912 819 2953 mos
849 2889 882 2950 in

140 2999 225 3064 haee
250 3021 353 3085 usque
377 2989 526 3084 tempora
550 3009 712 3069 serratus,
739 3013 803 3078 quo
821 2989 882 3051 lilii

138 3101 273 3167 censeri
288 3103 394 3164 sol'ent
407 3146 415 3178 ,
427 3101 493 3184 ‘qui
506 3099 595 3181 juxta
610 3097 809 3188 imperantes
828 3111 882 3173 ap·
897 3115 899 3120 ·

137 3205 320 3292 pellatione
345 3217 382 3265 et
404 3204 494 3266 cultu
516 3203 691 3264 Caesarum
720 3197 754 3256 in
776 3193 882 3254 numis

142 3318 391 3390 proponuntur,
429 3301 493 3364 nisi
532 3314 621 3363 certa
656 3299 763 3382 aliqua
800 3294 883 3356 ratio

141 3405 230 3472 eliud
243 3406 404 3488 postulet,
426 3397 714 3486 qualemprofecto
729 3396 884 3460 adversae

136 3508 324 3571 sententiae
347 3505 475 3590 patroni
495 3502 640 3565 nondum
665 3499 824 3570 attulere,
847 3495 884 3570 is,

130 3596 395 3694 'inquantsmos
427 3605 513 3668 haud
543 3621 643 3686 aegre
665 3597 884 3682 persuadebit,

939 1779 1183 1866 Spanltcmium.
1226 1779 1277 1840 At
1305 1779 1436 1841 nomina
1455 1783 1599 1842 Valentis
1617 1783 1682 1844 110·

938 1887 1065 1945 stiliani
1086 1880 1173 1964 quod
1199 1881 1330 1952 attinet,
1353 1879 1409 1942 itta
1432 1901 1538 1965 neque
1563 1881 1681 1952 Decio,
1729 1895 1755 1920 -'

935 1983 1050 2066 aj'unt,
1073 2000 1179 2082 neque
1201 1981 1398 2042 Etruscillae
1421 1981 1616 2057 inhaesisse,
1640 2001 1682 2042 ex

941 2107 1005 2168 quo
1020 2095 1177 2164 arguunt,
1194 2101 1234 2142 ex
1247 2081 1351 2170 aliena
1365 2101 1437 2142 eum
1450 2097 1546 2165 gente
1561 2084 1592 2142 in
1604 2103 1682 2164 gen-

935 2199 1005 2246 ·tem
1021 2183 1156 2244 Decium
1172 2181 1273 2243 fuisse
1290 2183 1490 2243 translatum.
1512 2183 1681 2250 Verisimi-

940 2288 971 2348 le
990 2286 1091 2366 igitur
1109 2297 1242 2364 putant,
1273 2283 1411 2344 Decium
1429 2296 1583 2344 extraneo
1603 2285 1681 2346 huic

940 2386 1063 2452 homini
1093 2385 1273 2446 collocasse
1302 2383 1484 2466 quampiam
1521 2406 1610 2446 suant
1646 2381 1682 2446 li-

940 2488 1035 2561 liam,
1059 2503 1199 2567 eumque
1217 2483 1299 2546 adeo
1316 2483 1377 2543 sibi
1393 2503 1551 2566 generum
1570 2483 1680 2549 addito

940 2585 1088 2652 Caesaris
1110 2583 1236 2644 honore
1260 2583 1447 2646 adscivisse.
1492 2583 1681 2648 Sententiae

936 2709 1017 2752 suae
1039 2708 1104 2770 quo
1127 2683 1281 2763 majorem
1305 2682 1403 2746 iidem
1431 2683 1596 2762 facerent,
1628 2707 1682 2749 oc·

941 2785 1115 2861 currebat,
1138 2809 1156 2847 a
1181 2788 1307 2848 Zonara
1325 2799 1361 2846 et
1385 2785 1536 2848 Cedreno
1555 2797 1681 2849 'memo-

938 2893 1006 2955 rari
1043 2889 1217 2973 quemdam
1255 2887 1412 2951 Severum
1451 2886 1680 2963 Hostilianum,

939 3013 1036 3078 quem
1055 2989 1145 3072 ajunt
1158 2988 1260 3052 fuisse
1277 2987 1364 3048 iuter
1380 2981 1683 3052 successoresiior-

940 3094 1027 3156 diani
1047 3092 1119 3168 111,
1145 3090 1237 3173 cujus
1257 3085 1344 3149 iilius
1361 3087 1462 3150 fuerit
1478 3089 1681 3151 Hostilianue

939 3210 1070 3270 noster,
1094 3193 1215 3276 quippe
1233 3193 1344 3254 lilessa's'
1353 3193 1465 3268 Quinti
1481 3191 1612 3251 nomina
1630 3209 1681 3254 ce·

940 3293 1027 3381 perit
1048 3319 1063 3356 a
1086 3292 1411 3376 Decio'atloptante,
1445 3294 1590 3352 Valentis
1616 3295 1684 3354 Ho-

941 3399 1068 3460 stiliani
1090 3418 1107 3457 a
1127 3409 1222 3477 putre
1244 3392 1395 3454 naturali.
1436 3393 1529 3452 Haec
1549 3392 1609 3454 itti.
1641 3391 1684 3454 ttt

940 3495 1030 3560 enini
1047 3493 1211 3556 infirmum
1228 3509 1277 3556 est
1293 3507 1520 3576 argumentum
1536 3491 1623 3554 istud
1642 3513 1685 3556 ex

943 3593 1129 3659 nominibus
1149 3608 1287 3678 captum.
1331 3597 1447 3676 Neque
1473 3591 1561 3652 enim
1585 3590 1684 3654 liliia
1762 3601 1771 3644 ί

142 3711 246 3777 tuisse
269 3710 488 3773 Hostiliorum
505 3705 601 3768 Decii
623 3702 745 3776 lilium,
768 3700 823 3782 qui
846 3697 888 3759 si·
940 3682 1035 3782 patre
1063 3711 1187 3758 tuntum
1213 3716 1251 3758 ac
1278 3707 1401 3768 matre,
1432 3689 1491 3752 scd
1521 3711 1582 3752 aro
1605 3713 1685 3776 quo·

144 3813 218 3877 mili
240 3809 338 3872 modo
370 3829 443 3873 cum
473 3801 821 3880 Decio,·Etruseilia,
854 3811 887 3860 et
940 3819 1007 3883 que
1026 3819 1062 3860 ac
1077 3797 1147 3859 avia
1164 3818 1220 3858 sua
1235 3795 1403 3878 collegere
1420 3793 1561 3855 nomina.
1600 3793 1685 3856 Mul·

142 3913 315 3977 Herennio
346 3913 380 3973 in
400 3909 507 3972 numia
529 3904 756 3990 conjungitum
792 3897 886 3962 Adde
928 3913 1097 3976 tuente,
1130 3877 1164 3959 in
1185 3897 1297 3980 paucis
1329 3895 1488 3978 exemplis
1517 3908 1606 3970 utar,
1638 3899 1683 3958 M.

140 4015 244 4078 retiam
261 4016 375 4077 Messii
390 4013 503 4090 Quinti
515 4004 839 4070 nominallostiliano
854 4001 888 4062 in
943 4001 1098 4092 Aurelius
1120 3998 1160 4060 ab
1183 4018 1243 4060 aro
1268 3995 1381 4058 ¹‹lictus
1403 4007 1454 4057 est
1477 3995 1598 4056 Annius
1619 3997 1686 4062 Ve-

141 4115 263 4180 iiadem
286 4115 379 4191 data,
401 4131 484 4197 quae
508 4110 621 4194 utique
643 4106 772 4170 nonnisi
789 4126 812 4165 a
834 4122 888 4184 pa·
944 4122 1020 4177 rus,
1051 4120 1213 4183 aproaro
1243 4111 1390 4180 materno
1423 4095 1556 4156 Catilius
1578 4097 1686 4160 'Sere⁴

144 4232 197 4285 tre
219 4217 342 4296 Messio
363 4213 487 4310 Quinto
501 4212 607 4274 Decio
626 4208 771 4300 traxerit.
801 4201 886 4273 Vide
943 4223 1000 4266 rus
1016 4201 1057 4294 s).
1090 4201 1173 4262 Geta
1190 4197 1306 4262 Severi
1322 4197 1360 4260 F.
1379 4214 1500 4258 nomen
1520 4195 1686 4261 abstulita

136 4332 336 4406 argumenta
355 4318 418 4380 alia
434 4311 520 4399 apud
536 4311 736 4376 Bandurium
752 4303 794 4386 d).
941 4304 1028 4368 Geta
1045 4321 1105 4370 aro
1126 4314 1283 4384 paterno,
1307 4298 1358 4362 vel
1376 4310 1493 4380 patruo
1508 4293 1552 4378 ¹²).
1581 4263 1701 4361 cars

146 4492 1688 4534 W

117 4711 118 4714 Ἴ
176 4629 312 4713 a)*Tem'.
328 4637 365 4696 ll.
385 4659 414 4716 p.
426 4637 488 4701 256.
543 4635 579 4709 b)
596 4635 666 4709 Pag,
683 4641 745 4696 252.
762 4633 790 4694 6.
847 4630 876 4700 c)
895 4625 928 4682 L.
944 4623 966 4680 1.
982 4622 1036 4679 sub
1053 4618 1181 4679 Trebou.
1238 4619 1272 4694 d)
1291 4620 1427 4698 inprael'.
1442 4619 1571 4686 adTom.
1584 4621 1683 4696 1.p.s.

140 4734 176 4806 e)
195 4731 215 4789 l.
235 4751 259 4789 e.
316 4727 454 4805 OGotli.
474 4743 553 4797 num.
568 4730 679 4801 p21tt9.
734 4715 941 4798 glcttpitoliu.
959 4711 1184 4818 inmolet..
1217 4709 1269 4796 fh)
1291 4710 1438 4788 spartian.
1456 4709 1570 4768 inGeta
1587 4719 1648 4770 αἱ.
