4178 5486
378 511 451 582 ως)
582 441 588 450 ’
979 486 1328 565 sanonrnvs.

374 673 497 742 neniis.
526 671 679 756 'Legitur
700 669 733 732 iu
754 669 942 733 coemistis
965 671 1119 758 reliquis'r
1177 674 1265 759 justo
1296 673 1469 738 intervallo
1503 669 1661 736 distaret?
1683 665 1847 734 'Mortuus
1872 683 1925 732 cst

376 773 643 846 vitelliano.
654 772 772 834 ltn't'.
786 769 977 836 chttlo.
993 775 1119 838 CONS.
1179 777 1362 852 Saloninus,
1378 795 1449 838 cum
1461 795 1580 876 annum
1591 785 1705 858 ageret
1716 772 1923 847 lereXVll.,

378 891 412 942 et
428 877 539 960 paucis
555 872 751 956 interjectis:
777 873 980 936 lVBENTE.
998 875 1122 940 SANC·
1179 899 1276 963 quant
1293 891 1431 941 aetatem
1449 875 1589 958 produnt
1612 875 1710 937 etiam
1729 873 1800 954 ejus
1819 873 1924 934 numi.

378 977 571 1040 TlSSfflO.
594 973 830 1043 GALLIENO·
853 975 956 1042 AVG·
997 975 1061 1045 Vbi
1088 979 1120 1038 in
1178 980 1322 1054 Demus,
1354 975 1686 1050 Valet·ianum·annis
1716 973 1789 1036 XX.
1818 975 1922 1036 luisse

376 1079 443 1141 hoc
470 1061 722 1162 epigrammate,
745 1073 833 1158 quod
858 1075 1014 1158 majorem
1041 1081 1124 1140 Tre·
1177 1079 1281 1142 lintre
1301 1063 1647 1162 Gallieno'juniorem,
1670 1097 1743 1140 oum
1764 1075 1819 1140 tric
1838 1097 1925 1138 anno

240 1225 246 1242 ,
377 1173 818 1242 helliauisornnibusfidem
838 1189 1003 1252 meretur,
1025 1177 1123 1246 Vale·
1178 1181 1291 1243 aetatis
1311 1183 1349 1241 L.
1369 1199 1482 1242 caesus
1502 1179 1563 1255 sit,
1585 1197 1721 1240 neccsse
1738 1191 1803 1252 nst,
1826 1175 1925 1242 Vale.

377 1282 489 1342 rianus
507 1293 620 1342 nostor
639 1279 693 1340 vsi
712 1279 849 1352 Caesar,
870 1277 926 1340 vel
945 1281 1123 1362 Angustus,
1177 1279 1303 1343 rianum
1318 1281 1426 1366 egisse
1444 1293 1510 1342 tum
1527 1301 1645 1344 ennam
1660 1271 1763 1340 XXX.
1787 1277 1924 1350 Fateor,

377 1381 433 1448 tel
457 1379 658 1466 imperator?
681 1381 717 1439 ln
736 1377 853 1440 eodem
871 1377 1040 1441 Gallienus
1058 1379 1130 1442 rite⁴
1178 1379 1337 1446 artificum
1360 1381 1510 1466 peritiam
1532 1381 1565 1442 iu
1586 1377 1750 1462 lingendis
1777 1377 1925 1440 vultibus
1947 1461 1950 1464 Ι

336 1473 342 1486 “
379 1483 501 1548 dieitur
534 1485 718 1562 Angustus,
756 1478 909 1540 nimirum
942 1481 1017 1563 quia
1046 1481 1121 1544 talis
1177 1483 1243 1568 jam
1272 1497 1340 1553 turn
1363 1481 1506 1546 ‹leliccre
1528 1480 1695 1564 coepisse,
1726 1489 1761 1542 it
1781 1501 1850 1541 non
1873 1471 1945 1539 us·¹

377 1585 451 1649 fuir.
468 1583 587 1666 ‘Igitur
605 1601 679 1644 oum
702 1579 790 1642 idem
807 1579 931 1644 titulus
953 1581 1122 1644 omittatur
1179 1604 1243 1668 que
1265 1603 1305 1646 eo
1327 1584 1510 1668 prolapsam
1534 1581 1699 1658 dicemus,
1725 1593 1763 1642 ut
1784 1575 1925 1664 perndo-

375 1685 409 1748 in
425 1685 618 1758 Valeriano,
635 1695 742 1766 patet,
760 1699 836 1744 earn
855 1681 1039 1765 Augustum
1055 1703 1122 1748 uon
1178 1684 1349 1758 lescentis,
1371 1683 1498 1769 virique
1521 1683 1720 1744 lineamenta
1741 1680 1923 1742 confunde·

375 1781 489 1848 fiisse.
1178 1799 1269 1862 rent,
1292 1805 1375 1872 quae
1397 1783 1495 1848 facile
1516 1784 1624 1846 fuerat
1645 1783 1754 1845 addita
1776 1782 1924 1850 Valeria·

439 1887 494 1954 tv.
517 1885 626 1948 Numi.
648 1881 700 1946 Art
716 1881 776 1945 lios
792 1881 964 1966 potissimi
978 1884 1121 1969 antiqua·
1177 1907 1221 1950 no
1251 1887 1351 1950 barba
1379 1883 1600 1972 distinguere,
1630 1903 1727 1968 quam
1756 1882 1830 1966 ejus
1852 1883 1936 1946 aeri=

376 1986 502 2050 riorum
528 1983 738 2068 provocatio,
769 2005 843 2048 nam
867 1984 984 2047 horum
1008 1985 1119 2048 nuilus
1177 1988 1362 2072 principes,
1394 2009 1468 2051 cum
1499 1988 1640 2072 primum
1672 1997 1789 2048 natura
1819 1983 1922 2058 dedit,

376 2087 483 2152 adhuc
505 2085 585 2160 tuit,
610 2087 666 2171 qni
689 2105 755 2148 non
781 2105 857 2148 suos
875 2085 1051 2152 Valeriano
1070 2085 1120 2168 ju·
1175 2091 1368 2174 promittere
1403 2109 1470 2151 non
1505 2088 1736 2172 neglexerunt.
1781 2087 1922 2170 Inspice,

374 2189 464 2251 niori
487 2207 604 2250 numos
628 2201 716 2249 esset
738 2187 885 2270 largitus.
918 2191 1009 2272 Ergo
1031 2187 1119 2272 quoti
1175 2211 1318 2276 quaeso,
1341 2210 1459 2254 numos
1480 2189 1621 2273 Augusti
1643 2189 1739 2250 titulo
1762 2181 1920 2270 insignes,

375 2288 541 2374 sequitur,
566 2305 690 2350 novere
714 2285 811 2368 hujus
836 2307 953 2352 numos
975 2289 1015 2351 ab
1040 2290 1119 2351 alio·
1175 2315 1257 2380 quos
1285 2292 1433 2354 tribuere
1462 2291 1620 2354 hactenns
1645 2288 1826 2356 Valeriano
1853 2287 1922 2370 jun.

372 2411 448 2454 rum
466 2389 701 2472 imperatorum
721 2403 851 2451 moneta
869 2407 1077 2452 secernere·
1176 2395 1421 2466 consuevimus,
1456 2413 1496 2454 an
1526 2411 1593 2453 non
1623 2391 1658 2451 in
1689 2390 1739 2452 his
1770 2389 1923 2453 omnihus

439 2493 523 2550 Tres
539 2487 628 2550 modi
644 2489 761 2551 horam
777 2489 946 2550 criterium
963 2489 1120 2552 constitn-
1177 2489 1279 2582 genae
1309 2495 1447 2580 perinde
1477 2495 1569 2556 leves
1597 2511 1636 2554 ao
1657 2491 1762 2554 facies
1785 2491 1922 2576 puerilis

373 2601 449 2666 unt,
471 2591 496 2652 1.
515 2589 712 2652 lineamenta
730 2588 857 2665 vultus,
880 2591 921 2654 ΙΙ.
938 2591 1117 2676 epigraphe
1175 2609 1368 2683 appareant,
1400 2609 1496 2680 atque
1518 2593 1551 2655 in
1574 2593 1614 2655 iis
1637 2594 1810 2672 omnibus,
1842 2612 1922 2678 quos

373 2688 508 2773 eapitis,
530 2690 585 2784 lll.
600 2689 708 2752 variae
731 2689 765 2750 in
793 2709 906 2752 aversa
930 2695 1117 2775 peristeses.
1176 2713 1269 2764 nerto
1290 2719 1363 2762 esse
1387 2697 1534 2761 Salonini
1559 2694 1722 2758 norimus.

371 2793 416 2855 At
439 2809 553 2852 ornnes
575 2803 643 2852 tres
666 2789 781 2852 modos
797 2788 832 2850 in
850 2792 1024 2858 Valeriano
1044 2815 1118 2858 esse
1237 2803 1420 2884 Epr'qrapls
1439 2801 1569 2878 eapitis.
1613 2795 1666 2858 Ad
1687 2795 1773 2859 hanc
1788 2793 1925 2858 recurri

371 2891 524 2968 fullones,
546 2891 741 2976 nullumque
765 2909 807 2952 er
826 2893 932 2955 nurnis
960 2894 1117 2958 hactenus
1175 2915 1344 2986 coeptum,
1367 2921 1440 2963 oum
1459 2901 1553 2984 prior
1573 2897 1658 2959 ratio
1681 2917 1804 2982 anceps
1826 2907 1926 2970 esset,

365 2992 426 3082 ,illi
448 2991 598 3068 tributis,
636 2991 691 3074 qui
718 3011 913 3077 nonaeque
939 2995 1118 3078 possetstl
1175 3016 1209 3065 et
1234 3003 1266 3063 in
1290 3017 1464 3086 utramque
1488 3014 1615 3086 partem
1637 2999 1751 3062 fallax.
1794 2999 1842 3068 Vt
1869 2996 1927 3058 nri·

374 3091 567 3176 §alcuinum
592 3088 846 3168 referri,·nnnc
870 3095 1116 3184 comprobatum
1174 3103 1264 3166 noris
1281 3101 1430 3164 subsellii
1447 3116 1682 3186 praeceptores
1704 3111 1924 3184 praeteream,

374 3209 426 3256 0⁰·
535 3197 567 3230 '⁸
637 3189 641 3200 ¹
1174 3201 1646 3283 deeahaeoVeillantius⁸):
1670 3203 1810 3265 Plurimi
1831 3199 1927 3261 Solo·

437 3297 643 3355 lincamenta
658 3293 879 3356 „armauere
891 3293 925 3356 in
939 3297 1118 3370 nantisVa·
1169 3305 1246 3366 nisi
1266 3306 1357 3364 nami
1376 3306 1409 3365 ci
1437 3302 1630 3381 (Valeriano
1656 3301 1799 3388 juniori)
1828 3304 1928 3363 tribu¹

373 3393 501 3455 lerisuo
526 3390 602 3454 huie
621 3390 751 3452 tributis
773 3405 838 3456 tarn
860 3409 934 3458 sunt
953 3397 1115 3482 ambigna,
1172 3413 1277 3466 untur.
1306 3405 1372 3481 Qui
1391 3406 1477 3466 enim
1498 3407 1533 3466 in
1555 3407 1728 3486 epryrcphe
1748 3405 1803 3464 hir
1822 3405 1928 3466 literis

373 3507 411 3558 ut
426 3513 468 3556 ex
483 3493 523 3555 iis
541 3491 620 3555 solis
634 3491 697 3575 ipsi
712 3491 772 3569 illi,
789 3515 871 3580 qnos
886 3497 965 3561 artis
981 3517 1115 3564 nostrae
1174 3503 1262 3568 COR.
1285 3513 1345 3565 cut
1367 3497 1464 3568 SAL.
1488 3516 1548 3568 ant
1569 3509 1670 3569 DIVI
1691 3507 1823 3568 nominc
1846 3524 1928 3584 yae·

372 3594 540 3680 principer
568 3593 742 3676 magistros
770 3599 995 3679 agnoscimus,
1031 3601 1117 3662 arbi·
1171 3610 1254 3680 dent,
1275 3609 1446 3670 Valeriani
1450 3610 1598 3686 junioris
1612 3627 1677 3669 non
1691 3615 1778 3682 runt,
1793 3606 1929 3667 redec-

372 3693 455 3758 trari
479 3707 672 3770 vereamur,
701 3695 808 3759 sintne
828 3699 995 3764 tribuendi
1024 3701 1116 3765 Salo·
1173 3709 1286 3772 lorini.
1308 3705 1396 3771 Huic
1418 3707 1490 3770 lere
1513 3727 1658 3770 consona
1678 3705 1797 3769 scribit
1813 3703 1928 3768 lober-

371 3793 470 3871 niuo,
498 3815 539 3856 an
565 3791 662 3874 huius
688 3809 805 3878 patruo
830 3799 1025 3878 Valeriano,
1061 3821 1116 3866 co·
1170 3803 1285 3886 susbJ:
1311 3795 1929 3895 Oport'etnonaodirtinquereintem·

373 3889 556 3988 g'anturqus
575 3906 749 3978 propterea
767 3899 963 3994 epigraphes
981 3901 1114 3966 modum
1171 3913 1389 3972 morilucrum
1406 3911 1669 3982 Valeriancrunr,
1687 3902 1845 3969 nimirem
1858 3909 1930 3984 ejus

374 3995 541 4078 *ultima*
565 4012 702 4072 ”wer
732 4011 768 4059 ut
790 4021 866 4063 ΜΣ
892 4002 1039 4066 tectione
1064 4019 1134 4082 ⁸0·¹
1171 4011 1402 4094 quisuitfiliur
1414 4013 1559 4073 Gallieni
1572 4012 1808 4084 ctSatoninae,
1822 4011 1932 4070 ᾰὶιωι

247 4119 250 4130 ·
376 4093 953 4186 quenteiptuelsimnr.·Nequevero
971 4101 1115 4179 etmihi,
1172 4109 1346 4172 Cornelius
1359 4109 1562 4188 Saloninus,
1593 4119 1628 4172 et
1654 4113 1745 4188 ejm,
1776 4113 1837 4193 qni
1863 4111 1935 4190 seit

376 4207 413 4254 ut
437 4196 580 4278 ingenue
602 4193 724 4274 fatear,
754 4200 910 4284 inspectis
938 4218 989 4269 tot
1018 4203 1116 4288 hujus
1169 4213 1258 4292 fitius
1275 4213 1446 4272 Valeriani
1460 4221 1495 4273 et
1509 4209 1732 4285 Marinianac,
1752 4214 1863 4274 dictus
1878 4207 1933 4272 tt·

378 4295 509 4374 generis
524 4297 631 4360 nuntia
651 4300 707 4364 vel
721 4301 924 4369 levisnimnrn
940 4303 1116 4370 discrimen
1175 4309 1292 4374 einins.
1327 4315 1402 4374 cnm
1423 4313 1511 4372 nihil
1529 4313 1680 4374 scribitur
1696 4321 1931 4395 praeterquam

381 4389 623 4460 alinearnentia
647 4419 766 4484 capere
785 4404 889 4470 licuit.
916 4407 961 4470 Et
976 4427 1042 4472 non
1058 4407 1118 4470 mi·
1178 4407 1479 4488 muneram,
1507 4415 1644 4492 difficile
1670 4415 1870 4486 discrimen,
1895 4419 1934 4472 at

382 4507 453 4549 ram
467 4490 555 4554 istud
567 4495 733 4579 videaur,
754 4523 829 4568 enm
844 4505 1014 4594 utriusque
1030 4521 1118 4572 setas
1175 4531 1245 4576 orem
1266 4515 1399 4576 additur
1420 4515 1511 4579 eon.
1529 4515 1584 4577 oei
1596 4515 1695 4576 nAn.
1711 4515 1767 4577 cel
1779 4511 1931 4585 DIWS,

387 4633 1930 4683 Ἣ

423 4697 453 4762 a)
473 4697 558 4754 Nutu.
577 4716 683 4775 praest.
701 4711 735 4768 Τ.
753 4711 775 4775 Ι,
794 4733 823 4788 p.
846 4731 905 4794 ¹9⁰·
923 4719 971 4780 ed.
988 4721 1074 4784 Rom.
1156 4693 1208 4798 lt)
1226 4723 1310 4783 Tem.
1328 4723 1365 4786 ΙΙ.
1384 4745 1416 4807 p·
1435 4736 1480 4792 te
