4158 5496
654 463 889 541 MAGNIA
921 463 1158 554 ‚vasten
1223 463 1227 468 ’
1413 579 1421 588 ·
1610 483 1715 576 51'9'¹

140 649 227 714 mala
248 649 387 736 gestaiit
404 661 534 714 uterum
551 649 689 729 Vrbics,
712 665 808 739 atquc
825 655 885 718 ite·
942 673 1078 738 quarum
1117 673 1255 718 numero
1285 651 1408 719 Vrbics
1441 653 1524 722 lisec
1560 671 1685 738 nostra,

142 765 213 814 rato
244 750 388 836 quidem.
424 752 520 818 Vnde
548 751 635 814 istud
663 753 780 836 probat
810 757 886 818 net
943 753 1582 840 ejusquepostremouxoressepotuit,
1602 779 1685 846 quae

112 868 115 879 '
140 852 262 934 lepus?
287 871 327 914 cx
352 852 452 928 binis,
476 852 537 928 ait,
562 855 683 938 puellis
703 854 885 922 Pudicitiae
943 872 979 914 se
996 854 1071 936 plus
1093 855 1201 940 mariti
1221 856 1354 940 ingenio
1375 853 1686 940 accommodaverit,

142 954 271 1031 sedenti
289 951 463 1017 adstiteris.
488 955 611 1020 Verum
631 955 659 1016 si
678 955 885 1036 hivrhicam
944 953 1003 1016 scd
1022 955 1110 1042 fprte
1127 955 1212 1022 haec
1228 942 1579 1043 quoque-repudianda
1596 963 1688 1044 panl-

110 1044 129 1092 1
143 1054 195 1117 bis
209 1051 380 1117 fecundam
393 1068 543 1140 arguant,
557 1055 652 1118 etism
665 1077 801 1123 necesse
811 1059 886 1134 erit,
942 1055 978 1117 le
992 1069 1084 1139 post,
1105 1057 1176 1120 uisi
1184 1059 1409 1122 Diocletianus
1426 1059 1572 1142 repudiis
1588 1060 1687 1124 finem

143 1155 330 1218 Plautillam
355 1156 541 1238 Caracallae
566 1157 678 1222 dicere
702 1159 887 1237 secundam,
943 1156 1087 1226 lecisset,
1103 1159 1254 1244 Denique
1269 1149 1334 1221 non
1349 1162 1689 1242 praetermittendum,

31 1257 42 1272 '
127 1256 297 1350 ‘quoniam
321 1256 353 1316 in
379 1257 476 1338 hujus
503 1279 603 1322 namo
624 1260 782 1344 inscripto
801 1261 890 1322 PlE·
945 1257 1034 1341 quod
1056 1255 1197 1330 advertit
1222 1260 1393 1334 Khellias,
1424 1259 1587 1342 juniorem
1617 1282 1690 1325 eam

146 1357 245 1421 TAS.
265 1357 397 1423 AVGG.
427 1359 623 1441 preponitur
644 1361 764 1430 mulier
786 1361 890 1423 inian-
946 1357 979 1418 in
1000 1359 1107 1421 nautis
1126 1361 1284 1444 proponi,
1313 1379 1408 1446 quum
1431 1375 1467 1424 ut
1485 1362 1611 1436 Carini,
1634 1361 1691 1446 qui

146 1471 213 1520 tem
230 1457 265 1520 in
284 1457 356 1519 sinu
374 1473 521 1542 gestans,
546 1474 599 1522 aut
619 1461 792 1524 Otacilium
812 1461 889 1536 Phi·
946 1456 1012 1540 jam
1035 1459 1076 1520 ad
1093 1458 1210 1541 justam
1229 1451 1367 1548 aetatem
1389 1477 1604 1544 pervenerat,
1627 1483 1694 1524 ms·

145 1559 227 1644 lippi
245 1573 361 1644 quater
378 1558 568 1630 secundam,
592 1562 742 1645 quoniam
764 1562 798 1623 io
817 1562 889 1645 ejus
946 1571 1002 1620 ter
1017 1559 1133 1621 haberi
1150 1575 1272 1644 posset.
1293 1565 1403 1646 Atque
1421 1561 1502 1625 haec
1522 1583 1695 1646 argumen-

145 1680 245 1722 namo
279 1661 445 1748 PIETAS.
476 1659 712 1728 AVGVSTAE
749 1678 889 1744 quatuor
947 1671 980 1720 ta
1008 1661 1070 1722 etsi
1096 1680 1161 1722 non
1187 1663 1358 1736 evincant,
1382 1662 1562 1726 verisimile
1585 1679 1694 1726 tamen

147 1763 277 1847 puellae
295 1747 467 1822 mulierem
487 1763 708 1824 circumstant.
732 1763 823 1828 ldem
842 1786 891 1826 ar·
948 1758 1089 1835 iaciunt,
1118 1761 1273 1828 Vrbicam
1293 1763 1402 1824 Carini
1419 1783 1557 1826 uxorem
1574 1763 1696 1848 potius,

150 1863 221 1948 guit
252 1859 368 1923 similis
396 1883 514 1922 numus
551 1861 690 1924 Sabinae
723 1863 891 1941 Hadriani,
944 1857 1044 1944 'qum
1064 1875 1199 1924 matrem
1218 1851 1391 1926 exstitisse.

150 1983 246 2049 quam
275 1975 365 2024 certe
396 1975 559 2046 nunquam
594 1957 697 2026 icisse
725 1966 892 2048 gravidam
1010 1961 1697 2048 Ceternmfitoschisnushicnumusper·
1743 1985 1750 2002 ·

151 2077 287 2130 canstat.
313 2063 348 2124 Si
373 2083 453 2147 ergo
477 2064 509 2122 in
533 2062 584 2123 his
608 2067 714 2125 numis
736 2064 894 2136 adstantia
952 2081 1064 2146 peram
1091 2061 1131 2122 ad
1157 2061 1315 2144 judiciam
1342 2074 1495 2138 vocatur,
1523 2067 1554 2126 si
1581 2084 1697 2128 verum

151 2165 382 2250 minuta'signa
402 2186 605 2250 nequaquam
626 2185 798 2228 numerum
820 2188 897 2250 pro·
952 2176 1022 2236 est,
1047 2163 1134 2245 quod
1153 2163 1205 2224 vir
1223 2163 1351 2246 quidam
1372 2163 1560 2226 in·historia
1578 2163 1700 2226 numis-

149 2267 251 2343 lium,
273 2265 332 2328 sed
354 2265 490 2328 Pietatis
513 2265 659 2348 symbola
683 2267 896 2344 constituunt,
953 2263 1069 2325 mstica
1096 2265 1264 2346 praeclare
1290 2263 1437 2326 eruditus
1462 2266 1543 2326 mihi
1566 2265 1701 2327 adseve-

126 2417 129 2420 -
152 2367 219 2432 dici
236 2368 334 2432 etiam
358 2367 498 2449 poterit,
521 2368 577 2428 illa
595 2368 628 2428 in
647 2389 746 2431 numo
770 2367 896 2432 Pudici·
954 2365 1055 2439 ravit,
1085 2365 1252 2447 eum'ipsa
1275 2365 1418 2428 Stcsehii
1438 2380 1542 2428 aetate
1561 2364 1703 2426 'Floren-
1732 2423 1737 2431 ,

151 2468 217 2532 tiae
250 2459 640 2549 symbola'constituere.
687 2469 754 2534 Sed
782 2470 897 2532 demus
955 2467 1019 2526 tiae
1050 2485 1091 2526 ex
1120 2465 1317 2529 fraudatoris
1348 2465 1433 2532 mola
1464 2463 1595 2529 officina
1625 2483 1701 2547 pror

154 2568 254 2632 etiam
278 2569 436 2648 Belleyo,
470 2569 521 2630 his
546 2570 648 2652 signis
672 2569 810 2634 indicari
837 2573 899 2639 Vr·
956 2565 1087 2654 ditisser

68 2721 73 2728 .
153 2667 248 2734 hicne
279 2669 422 2745 liberas,
453 2681 514 2733 cur
544 2684 722 2754 propterea
748 2691 814 2733 non
838 2691 900 2754 pc·

77 2750 88 2770 ⁸
152 2769 254 2832 tuerit
274 2787 347 2830 esse
366 2769 590 2844 Caniniusor,
613 2794 677 2834 non
697 2771 898 2835 satistide'o.
1177 2850 1179 2856 Α
1255 2774 1400 2834 Nacti:

154 2867 352 2931 Praeferunt
382 2876 491 2951 togam
520 2871 668 2943 virilem,
701 2895 763 2956 qun
794 2887 900 2935 aetate
1036 2867 1043 2882 ’
1715 2945 1717 2950 ,

153 2971 278 3032 liberos
302 2969 359 3028 illa
386 2965 509 3028 habere
536 2991 601 3030 non
625 2974 741 3052 potuit.
765 2973 899 3046 ,Verum
928 3031 932 3040 ,
1026 3003 1030 3010 ¹
1101 2971 1236 3034 MAGN.
1262 2977 1316 3035 ael
1339 2971 1521 3035 stnGNtA.
1542 2969 1704 3040 VRlllCA

156 3093 197 3133 an
221 3070 297 3132 satis
321 3067 526 3148 probaverit,
558 3084 686 3152 togam,
714 3093 777 3156 qua
807 3073 919 3132 itin..
1100 3073 1202 3136 Avo.

157 3171 227 3234 dati
257 3181 464 3252 comparent,
500 3189 616 3233 revera
645 3191 718 3234 esse
747 3171 900 3234 virilem?
1101 3173 1311 3234 MAGNIAE.
1329 3175 1532 3238 VRBICAE.
1553 3174 1654 3241 Aac.

158 3269 258 3366 Quod
274 3270 300 3332 si
323 3270 372 3342 hi,
393 3283 429 3330 ut
446 3269 625 3344 existimat,
649 3273 732 3334 certi
750 3287 822 3334 sunt
843 3274 903 3336 Ca·
1023 3275 1162 3336 Praeter
1176 3274 1251 3354 ejus
1268 3279 1402 3336 nuinum
1422 3297 1519 3358 supra
1540 3272 1707 3338 laudatum

156 3373 248 3464 rinus
282 3385 314 3434 et
340 3371 575 3443 Numerianus,
607 3392 647 3432 an
677 3372 755 3433 satis
782 3373 902 3434 horum
960 3395 1023 3434 ana
1038 3395 1111 3435 cum
1127 3375 1232 3458 capite
1248 3377 1373 3448 Carini,
1392 3374 1532 3444 simodo
1547 3377 1707 3460 genuinus

159 3473 343 3538 consultum
374 3471 510 3546 honori,
548 3472 624 3550 dum
660 3473 700 3548 ii,
729 3475 803 3558 qui,
837 3491 903 3556 quo
961 3473 1140 3556 putandus,
1164 3475 1367 3537 memorandi
1388 3473 1513 3536 adhuc:

158 3588 308 3658 tempore
328 3575 471 3655 signatus
489 3573 551 3636 suit
571 3573 624 3636 hic
647 3575 828 3637 Pudicitiae
847 3595 904 3633 nu·
1104 3579 1224 3636 Antica
1241 3579 1349 3637 solita.

159 3697 249 3752 inus,
273 3676 337 3758 jam
364 3677 537 3750 Caesares,
564 3675 799 3758 imperatores,
829 3696 905 3736 con·
961 3675 1196 3742 Pvetctrtt.
1214 3673 1315 3742 ‘AVG-
1348 3677 1467 3736 Mulier
1482 3677 1594 3738 sedeas
1610 3682 1641 3739 d.
1654 3699 1709 3740 ua-

160 3780 315 3863 salesque
341 3775 490 3851 luerunt,
521 3776 590 3838 sola
616 3777 727 3839 amicti
753 3789 829 3860 toga
861 3775 906 3837 ri·
963 3780 1146 3854 lamcapiti
1162 3780 1299 3838 obducit.
1324 3775 1396 3840 AV.
1421 3775 1520 3856 (Mus.
1538 3776 1645 3859 caes.)
1667 3781 1723 3839 Ia-

159 3881 235 3956 rili,
262 3879 355 3940 nullo
381 3877 446 3939 alic
475 3877 596 3940 indicio
620 3899 638 3939 a
661 3876 779 3960 privati
806 3875 904 3940 modo
962 3882 1040 3940 aliis
1062 3881 1194 3938 adstant
1209 3887 1378 3956 practerea
1397 3879 1460 3940 dac
1480 3879 1603 3956 puelli,
1623 3897 1709 3956 parts

160 3977 428 4064 distinguuntur?
458 3980 557 4062 Atqui
574 3977 613 4039 'si
634 3978 770 4062 Vopisci
795 3979 906 4040 rerlsis
961 3982 1116 4042 Felicitas
1142 3981 1238 4040 sedili
1262 3981 1379 4038 innixa
1404 3980 1436 4039 d.
1463 3967 1655 4052 caduceum,
1682 4000 1707 4040 a.

159 4080 360 4166 pertinacius,
379 4080 572 4142 sententiam
595 4100 685 4141 suam
704 4093 831 4156 tuetur,
853 4080 907 4142 iis·
963 4081 1182 4156 comacopiae.
1201 4079 1270 4141 ΑΕ.
1285 4095 1370 4142 max.
1386 4077 1474 4141 mod.
1489 4077 1707 4162 (Muscam.)

161 4183 237 4246 dem
263 4194 297 4244 et
323 4199 427 4242 meam
442 4181 592 4266 -tuebcr3
618 4199 684 4242 non
710 4181 768 4254 sit,
789 4183 906 4265 ¹palsas
1027 4181 1079 4240 De
1101 4178 1151 4239 his
1168 4179 1278 4242 numis
1295 4179 1401 4243 sclam
1417 4179 1577 4242 continuo
1599 4200 1707 4262 supra.

162 4305 181 4348 s
202 4281 320 4347 Carino
338 4303 444 4345 amnas
459 4293 694 4367 praegnantes,
712 4280 771 4344 sed
782 4285 906 4361 pleras-
1026 4280 1124 4343 Nomi
1143 4279 1264 4364 reliqui
1279 4282 1448 4344 continent
1467 4280 1581 4344 obvios
1598 4282 1709 4364 Augu·

162 4405 240 4470 qua,
260 4405 349 4470 ergo
369 4404 482 4468 passus
504 4397 613 4448 tamen
637 4396 690 4446 cst
710 4383 849 4470 aliquas,
872 4385 904 4445 in
956 4397 1083 4446 starum
1105 4393 1210 4466 typos.
