4186 5492
995 459 1171 540 rvnta
1204 411 1416 538 nansi

1061 713 1326 814 enarrata

621 937 797 1002 amatis
810 919 971 1000 Ilotttttttr't¹

723 1036 827 1101 Aurei
898 1039 1172 1102 .’......

723 1137 884 1223 Argentei
946 1178 1170 1202 .....

723 1239 829 1304 Aeaei
850 1243 875 1302 Ι.
898 1251 933 1304 et
954 1239 995 1302 ll.
1017 1235 1145 1314 formae

1214 1033 1768 1106 ···'···'··RRRR.

1212 1136 1753 1214 ..,a..·..',.vixli.·

1211 1277 1486 1304 000000
1524 1257 1546 1305 ‘0¹
1582 1249 1600 1299 a*
1637 1237 1679 1303 Β.

612 1344 962 1426 Commtirpcreqrr'ai
1004 1351 1040 1404 ιιι
1055 1338 1212 1404 continuo
1226 1333 1361 1433 dietum·

974 1655 1168 1764 *raam
1192 1627 1405 1720 'naara

490 1857 641 1920 Domana
663 1873 779 1936 soror,
802 1852 1003 1918 Scaemiaclis
1030 1872 1072 1915 ex
1088 1851 1183 1918 Iulio·

290 1959 295 1970 '
425 1955 524 2024 Avito
543 1970 664 2031 mater,
686 1953 857 2039 Elagabali
878 1954 958 2020 avia.
995 1958 1185 2041 Postquam¹

427 2060 573 2124 Severus
591 2056 766 2140 imperium
783 2055 966 2134 invaserat,
990 2077 1031 2120 ex
1047 2057 1173 2139 patriae

426 2161 569 2224 Emesae
590 2157 725 2222 latebris
744 2157 868 2222 sororis
886 2156 1049 2222 beneficio
1067 2157 1102 2219 in
1119 2179 1174 2220 au-

341 2343 345 2351 ·
426 2263 495 2328 lam
518 2259 687 2335 traducta,
709 2257 812 2321 futuri
837 2279 903 2322 non
922 2259 1104 2343 improvida
1121 2259 1172 2322 rei

424 2361 635 2448 pecuniariae
658 2380 792 2444 operam
816 2359 926 2437 dedit,
949 2361 1038 2446 quod
1060 2361 1096 2422 ei
1117 2359 1173 2424 tla-

423 2464 539 2546 iucepa
562 2482 681 2546 magno
699 2461 741 2525 atl
759 2460 980 2546 perficienda,
1004 2481 1087 2546 quae
1104 2480 1173 2524 mc·

425 2564 609 2640 ditabatur,
631 2561 819 2644 adjumento
845 2559 917 2626 tuit.
961 2565 1042 2626 Nam
1074 2579 1170 2625 caeso

425 2663 594 2734 Caracalla
613 2665 687 2730 aula
704 2665 869 2732 excedere
887 2663 993 2746 jussa,
1016 2665 1173 2726 Emessa-

424 2787 490 2852 que
511 2787 588 2831 suae
612 2767 783 2844 restituta,
806 2785 881 2830 cum
901 2765 1035 2828 adsueta
1058 2765 1171 2850 splen·

422 2868 499 2932 tlori
520 2869 628 2932 aulico
648 2868 790 2952 privatas
815 2867 968 2930 tenebras
995 2865 1168 2942 fastidiret,

423 2959 618 3052 videretque
643 2967 749 3030 minos
774 2967 908 3054 probari
927 2967 1085 3032 militibus
1102 2971 1171 3032 Ma·

425 3065 574 3144 crinem,
598 3067 700 3128 didita
716 3067 802 3128 inter
818 3068 878 3130 hos
893 3065 995 3144 fama,
1017 3081 1170 3152 tanquam

424 3189 529 3254 nepos
557 3166 754 3250 Elagabalus
783 3161 984 3230 Soaem‘iadis
1019 3188 1098 3230 suae
1128 3188 1170 3231 ex

425 3271 593 3335 Caracalla
624 3266 712 3328 lilius
739 3280 846 3342 esset,
876 3287 933 3331 eos
965 3288 1030 3331 non
1062 3269 1169 3332 minus

423 3369 786 3434 Antoninianinominis
800 3370 1048 3454 superstitione,
1072 3393 1168 3456 quam

326 3533 332 3546 ,
421 3471 567 3558 profusis
581 3470 810 3556 largitionibus
828 3472 976 3556 impulit,
998 3485 1034 3533 ut
1051 3472 1169 3556 Elaga-

422 3575 533 3638 balum
565 3574 713 3638 Macrino
749 3570 956 3650 sufficerent,
979 3573 1168 3658 effecitque,

423 3690 466 3738 ut
483 3675 631 3740 oblatum
657 3675 832 3760 imperium
859 3674 962 3737 relata
984 3674 1104 3757 insigni
1122 3671 1169 3738 ui·

423 3778 529 3842 ctoria
562 3775 761 3852 solidarent,
791 3795 887 3860 quarn
917 3776 987 3860 ipsa
1020 3794 1085 3836 non
1114 3796 1170 3857 pa·

422 3900 498 3942 rum
522 3880 705 3962 promovit,
728 3875 857 3962 quando
878 3875 1079 3960 fugientibus
1102 3875 1167 3958 jam

423 3979 491 4064 suia
518 3980 553 4042 iu
577 3980 717 4043 mediam
749 3978 853 4042 aciem
878 3997 951 4040 curn
976 3974 1168 4038 Soaemiado

424 4082 601 4165 provolans
631 4079 818 4164 exemplum
842 4078 876 4140 in
903 4097 938 4138 se
967 4077 1111 4154 virtutis,
1135 4091 1168 4140 et

423 4181 524 4244 animi
552 4181 825 4268 intrepididetlit
850 4181 889 4261 ·).
934 4175 988 4240 Ob
1014 4179 1167 4242 collatam

376 4303 382 4314 ·
422 4281 588 4347 illustrem
620 4284 704 4348 banc
735 4303 869 4373 operam
906 4295 999 4345 aucta
1035 4280 1166 4364 quidem

422 4381 561 4447 subinde
588 4383 768 4448 bonoribus
795 4383 964 4459 omnibus,
993 4393 1030 4445 et
1057 4379 1170 4464 argu:

1231 1865 1300 1918 stae
1324 1853 1420 1916 titula
1446 1863 1576 1930 ornata,
1613 1871 1730 1918 verum
1753 1872 1830 1918 cum
1855 1855 1959 1920 mulier

1229 1954 1403 2040 perspicax
1424 1953 1591 2018 funestun
1611 1955 1742 2040 nepotis
1760 1956 1883 2018 exitum
1896 1979 1960 2041 pro

1229 2071 1306 2142 pter
1333 2055 1539 2122 intractabile
1581 2055 1651 2138 ejus
1682 2056 1869 2142 ingenium,
1894 2059 1959 2122 alte·

1230 2178 1366 2243 remque
1380 2177 1492 2220 rerum
1508 2178 1639 2220 suarum
1657 2159 1902 2222 conversionem
1917 2160 1957 2242 jo·

1230 2279 1269 2324 re
1290 2272 1472 2335 metueret,
1501 2257 1562 2321 hac
1588 2259 1659 2342 ipsa
1687 2260 1758 2342 ejus
1785 2261 1903 2324 insania
1931 2263 1957 2322 in

1228 2381 1301 2426 rem
1333 2383 1423 2426 suam
1458 2379 1532 2436 usa,
1569 2361 1750 2444 persuadet
1781 2359 1956 2444 Elagabalo,

1228 2477 1284 2539 ut,
1306 2463 1459 2548 quoniam
1475 2461 1546 2544 ipse
1564 2461 1619 2522 dci
1638 2462 1688 2523 sui
1708 2462 1819 2540 cultu,
1842 2462 1957 2524 divinis-

1228 2583 1291 2650 que
1318 2562 1525 2628 caerimoniis
1548 2561 1780 2641 distineretur,
1804 2554 1958 2648 atloptaret

1228 2663 1728 2742 consobrinum'Alexandrum,
1758 2665 1816 2750 qui
1845 2685 1903 2750 pro
1928 2685 1955 2726 sa
2052 2735 2053 2740 η

1226 2779 1359 2830 terrena
1381 2779 1514 2829 curaret
1535 2763 1579 2847 ¹¹).
1608 2769 1723 2852 Neque
1751 2777 1826 2829 erat
1839 2766 1880 2828 atl
1901 2787 1957 2828 ma·

1226 2867 1320 2931 lieris
1356 2867 1494 2930 salutem
1534 2866 1707 2930 consilium
1745 2866 1955 2952 opportunius,
2052 2945 2053 2952 ἵ

1227 2969 1437 3054 certiusqne3
1453 2987 1627 3052 nsm‘cum
1640 2982 1728 3032 esset
1742 2970 1918 3032 communis
1929 2981 1956 3030 ct
2052 3009 2053 3032 t

1227 3069 1415 3156 Elagabali,
1452 3083 1486 3134 et
1517 3067 1695 3132 Alexandri
1730 3069 1821 3148 avia,
1862 3091 1955 3154 quam·
2052 3109 2053 3148 ,

1227 3192 1356 3260 cunque
1388 3171 1508 3236 deinde
1538 3170 1701 3232 fortunam
1724 3168 1784 3233 illa
1805 3170 1955 3254 experire·
2052 3239 2053 3242 Ἴ

1226 3291 1300 3354 tur,
1331 3287 1479 3359 paratum
1508 3269 1622 3334 babuit
1647 3271 1779 3355 imperii
1805 3290 1955 3335 successo·
2052 3291 2053 3340 1

1225 3398 1317 3453 rem,
1349 3377 1489 3446 alterum
1522 3393 1564 3434 ex
1591 3371 1660 3434 filia
1693 3377 1842 3434 Mamaea
1870 3391 1956 3455 nepo-
2052 3447 2053 3452 η

1225 3491 1304 3541 tcm.
1336 3477 1467 3540 Revera
1494 3473 1548 3537 hic
1565 3493 1682 3536 everso
1700 3487 1839 3558 propter
1863 3473 1957 3537 cn’mi-
2052 3509 2053 3550 ,

1225 3600 1304 3644 num
1334 3577 1538 3642 atrocitatem
1564 3573 1745 3659 Elagabalo
1776 3595 1886 3642 rerum
1907 3595 1954 3659 po·
2052 3573 2053 3582 ’

1225 3681 1304 3744 titus
1330 3677 1419 3740 omni
1444 3674 1650 3740 observantia
1669 3674 1774 3736 aviam
1794 3689 1844 3738 cst
1857 3694 1953 3760 prase-

1227 3796 1341 3856 cutus,
1370 3779 1441 3863 ipsa
1466 3799 1544 3842 uero
1571 3775 1731 3860 participe
1757 3769 1953 3839 consiliarum

1226 3887 1372 3944 Mamaea
1402 3901 1469 3942 non
1499 3879 1640 3942 cessavit
1664 3878 1845 3960 praeclaris
1869 3879 1955 3940 moni·

1227 3985 1268 4046 tis
1291 3982 1440 4059 imbuere
1468 3978 1722 4042 adolescentiam
1756 3980 1900 4063 nepotis,
1927 3991 1954 4040 et

1225 4097 1356 4147 veteres
1373 4099 1483 4144 mores
1494 4099 1555 4164 per
1570 4080 1705 4158 alterius
1716 4080 1878 4143 infamiam
1894 4101 1953 4144 cor·

1224 4197 1339 4268 ruptos
1360 4200 1532 4247 revocare.
1579 4181 1732 4266 Denique
1759 4197 1897 4256 mortua,
1923 4193 1951 4241 ut

1225 4295 1413 4367 optaverat,
1435 4283 1629 4366 tranquille,
1661 4297 1695 4346 et
1718 4283 1760 4346 ab
1782 4281 1951 4347 Alexandro

1225 4383 1400 4448 coelitibus
1416 4385 1539 4446 inserta
1552 4397 1621 4460 est,
1643 4397 1680 4446 ut
1697 4383 1837 4450 dicetur.

397 4599 401 4608 1
431 4579 1954 4614 mnu—*numm*

462 4713 493 4785 a)
514 4712 570 4772 Dic
590 4710 622 4770 L.
641 4665 802 4778 LXXVIII.
821 4718 846 4788 §-
865 4725 909 4783 38·
1003 4717 1038 4789 b)
1057 4713 1217 4779 Herodian}
1238 4717 1270 4774 in
1288 4717 1371 4796 Elag.
