4178 5486
441 525 513 590 328

439 691 477 754 Ρ.
487 687 611 754 MR.
625 684 664 750 Ρ.
673 681 714 752 V·
731 681 825 750 003.
835 683 905 746 illl.
920 683 959 747 Ρ.
973 683 1010 748 Ρ.
1031 687 1115 766 lypis
1128 707 1186 750 uu·

439 795 509 856 riis.
531 789 600 854 ΑΒ.
618 789 719 870 (Mus.
730 786 837 868 Caes.)
854 787 923 850 ΔΕ.
940 787 1124 871 literne)

612 995 649 1054 7.
667 992 697 1052 C·
715 997 807 1052 1111.
829 993 865 1054 Ρ.
882 991 923 1052 Χ.
938 997 1012 1054 258.

492 1095 554 1158 t'lt.
576 1095 612 1154 P.
638 1093 692 1154 1²1.
717 1093 804 1154 COS.
826 1093 885 1153 17.
907 1095 943 1156 P.
966 1095 1010 1154 tt.
1034 1093 1066 1160 P.
1089 1093 1126 1154 P.

566 1197 715 1260 umero
732 1197 850 1282 neco,
872 1197 974 1258 Basso
989 1213 1056 1257 cos.

430 1363 433 1370 Ι
506 1389 701 1462 Valerianus
722 1391 878 1458 sdversns
900 1363 1059 1480 Saporem
1085 1391 1186 1480 proii-

441 1495 594 1571 ciscitur,
617 1495 674 1579 qui
693 1511 784 1580 capta
799 1495 863 1577 jam
885 1497 974 1560 omni
989 1495 1061 1560 iere
1076 1499 1186 1560 Meso·

309 1597 314 1663 .’
439 1595 583 1678 potam
607 1594 813 1694 Antiochiam
835 1598 938 1680 ipsam
968 1597 1060 1662 lerro
1085 1613 1182 1684 atque

319 1705 322 1712 '
438 1697 518 1782 igne
555 1696 728 1796 populatus
765 1711 825 1760 est.
869 1695 970 1779 (Vide
1003 1699 1182 1766 Tillemon·

441 1795 552 1876 tium.)

501 1895 631 1962 Desunt
647 1897 732 1962 certi
749 1896 845 1982 liujus
865 1899 941 1964 anni
954 1901 1057 1968 numi.

606 2105 645 2167 V.
669 2105 699 2166 0.
725 2109 815 2186 lotz.
838 2107 873 2166 P.
896 2107 937 2168 X.
958 2113 1033 2173 25⁹·
1118 2163 1135 2190 .,

486 2209 547 2270 ΡΒ.
570 2207 607 2266 Ρ.
632 2205 704 2266 711.
729 2208 817 2270 COS.
838 2209 897 2269 IV.
919 2209 954 2272 P.
978 2211 1024 2273 Μ.
1046 2209 1080 2271 Ρ.
1103 2212 1139 2274 Ρ.

601 2309 804 2394 Aemiliano,
828 2311 929 2373 Basso
950 2330 1014 2373 cos.

454 2547 456 2554 ›
502 2510 635 2574 Bellum
643 2509 810 2596 Valeriani
820 2531 894 2576 cum
907 2513 1029 2590 Persis,
1047 2513 1182 2603 ejusque

438 2612 560 2676 ducum
585 2631 660 2674 oum
692 2611 822 2692 Scythis
854 2615 1056 2698 Bithyniam,
1092 2623 1185 2684 Mue-

437 2713 542 2790 sism,
577 2711 752 2776 Thraciam
787 2716 944 2780 atrociter
979 2719 1182 2785 vexantibus.

441 2811 498 2894 (v.
521 2811 671 2890 ibidem.)
721 2859 727 2878 ,

361 2929 364 2936 ,
582 2916 972 2989 tnnvsnnnrsnvs.
989 2921 1183 2994 unsre.

584 3021 874 3096 Cuputmds'utum.
925 3083 928 3088 ,
1016 3045 1018 3050 ·

436 3117 553 3199 tttcr.
574 3117 705 3178 PART.
737 3121 790 3179 uel
811 3121 1043 3186 Psnrfltcs.
1078 3128 1183 3188 Victo

438 3221 492 3278 rs'a
508 3227 598 3278 stans
612 3218 644 3278 d.
660 3219 816 3294 clypeum,
845 3241 870 3280 s.
886 3224 1047 3300 laureum,
1063 3245 1183 3306 prope·

438 3321 533 3378 dibus
558 3319 703 3394 captivus
723 3321 843 3382 sedens.
874 3321 942 3384 AR.
966 3323 1065 3404 (Mna.
1090 3327 1181 3390 Caes.

440 3413 560 3494 Band.)

500 3516 567 3582 flio
596 3537 713 3580 nunnus
754 3517 941 3584 etiannum
975 3539 1182 3606 praesentem

437 3617 764 3710 commodandum
785 3621 995 3698 referendum
1024 3649 1099 3690 narn
1121 3629 1181 3692 sub

439 3719 608 3789 Valeriani
627 3721 661 3780 in
677 3720 804 3802 Syriam
825 3723 998 3788 adrentum
1013 3728 1090 3790 satis
1107 3749 1182 3813 pro·

439 3842 535 3908 spera
564 3821 686 3898 omnia,
725 3835 859 3907 recepta
887 3827 1077 3904 Antiochia,
1110 3851 1182 3892 cna·

439 3945 495 3988 tut
516 3943 536 3994 s
557 3923 623 3988 stria
639 3921 794 4018 Cyriades
809 3925 961 4010 princeps
983 3929 1079 4010 hujus
1099 3929 1182 3994 betti

439 4045 552 4100 uanas,
584 4023 705 4110 quique
727 4025 832 4109 ipsum
856 4029 995 4112 Augusti
1018 4029 1180 4098 honorem

441 4125 620 4190 attentavit.

605 4333 642 4390 V.
661 4331 692 4390 C.
715 4337 805 4396 tota
828 4333 864 4394 P.
882 4333 923 4396 X.
944 4341 1016 4400 200.

505 4433 566 4492 TE.
587 4430 724 4490 1tV111.
744 4433 899 4495 conv).
917 4437 951 4495 P.
968 4439 1012 4498 11.
1032 4439 1068 4499 P.
1083 4439 1117 4500 P.

441 4531 582 4594 Cornelio
601 4530 753 4594 Seculare
770 4535 835 4606 11„
859 4535 954 4598 Iunio
967 4539 1093 4603 Donato
1114 4523 1181 4605 co's.

499 4727 573 4794 Iloc
596 4745 697 4802 suno,
720 4739 755 4791 ut
779 4732 946 4816 plerisque
968 4735 1091 4817 risum,
1113 4741 1177 4811 Vs·

1010 493 1417 578 VALERIANVS.

1239 681 1384 748 lucianus
1398 681 1537 748 aPe'rsis
1551 681 1687 768 capitur.
1710 683 1767 766 (V.
1776 681 1866 749 inira
1876 683 1914 747 in
1927 696 1991 750 ter·

1239 785 1337 848 minis
1354 786 1511 869 imperii.)

1303 886 1356 950 Ad
1373 886 1445 970 ejus
1470 887 1586 950 aetatis
1604 886 1800 980 opprobria,
1821 909 1891 974 qna
1913 909 1989 976 opu·

1240 987 1441 1051 lentissimae
1467 987 1598 1073 imperii
1626 989 1817 1073 provinciae
1839 989 1991 1054 herbarii

1238 1087 1375 1171 impune
1390 1090 1425 1150 iu
1442 1090 1598 1172 praedam
1620 1109 1770 1168 cessare,
1801 1090 1901 1154 ltalia
1922 1092 1986 1175 ipsa

1240 1209 1357 1254 eorum
1379 1191 1607 1256 vexationibus
1623 1193 1743 1274 patuit,
1771 1192 1918 1256 accessit
1938 1212 1988 1256 er·

1239 1305 1402 1367 tremum,
1437 1313 1503 1376 quo
1532 1281 1660 1355 nullum
1690 1291 1798 1354 adhuc
1836 1295 1983 1358 Romano

1240 1391 1365 1456 nomini
1386 1390 1566 1468 funestius,
1597 1394 1778 1478 imperator
1798 1393 1875 1477 ipse
1898 1409 1985 1458 extra

1240 1493 1372 1579 imperii
1402 1490 1485 1556 fines
1518 1494 1604 1579 apud
1638 1495 1798 1556 barbaros
1827 1497 1983 1578 captivus.

1242 1595 1347 1689 Quam
1372 1593 1515 1677 indignis
1541 1595 1575 1657 iu
1599 1615 1639 1658 ea
1664 1595 1859 1680 captivitate
1881 1594 1981 1662 modis

1239 1697 1282 1758 sit
1303 1695 1452 1772 habitus,
1484 1697 1600 1760 ductus
1621 1697 1655 1758 in
1676 1697 1838 1782 triumphi
1861 1719 1979 1762 morem

1237 1817 1301 1884 per
1330 1796 1429 1858 urbes
1456 1797 1593 1861 amictus
1629 1799 1761 1882 imperii
1790 1798 1975 1884 insignibus,

1241 1913 1275 1964 et
1296 1911 1431 1962 onustus
1452 1900 1593 1976 catenis,
1623 1897 1824 1984 iunctusque
1846 1901 1984 1964 scabelli.

1238 1999 1330 2076 rice,
1358 2021 1432 2064 cum
1464 2001 1687 2066 conscendere
1709 2021 1833 2086 equum
1854 2017 1975 2087 pararet
2066 2039 2068 2048 ι

1235 2102 1364 2188 Sapor,
1394 2121 1435 2166 ex
1456 2103 1600 2187 plurium
1627 2103 1827 2167 testimoniis
1857 2104 1976 2188 colligit

1240 2203 1481 2268 Tillemontius.
1527 2208 1617 2270 luter
1643 2219 1694 2268 tot
1709 2215 1881 2289 tantasque
1901 2205 1974 2285 iujo·

1237 2303 1356 2368 risset
1372 2304 1536 2370 fortunam
1559 2306 1782 2370 calamitosam
1803 2305 1972 2368 verisimile

1234 2419 1307 2484 est,
1330 2406 1412 2468 nihil
1433 2429 1538 2493 seque
1560 2405 1705 2470 doluisse
1721 2408 1866 2481 misero,
1888 2426 1973 2489 quarn

1239 2505 1329 2592 qnod
1343 2505 1446 2570 filiurn
1468 2509 1646 2594 reliquerat
1663 2527 1892 2573 successorem
1910 2525 1972 2570 rec·

1239 2620 1411 2694 torumque
1431 2609 1581 2695 imperii,
1608 2629 1710 2694 quern
1728 2609 1860 2694 paterni
1878 2628 1968 2686 casus,

1239 2723 1390 2796 tanquam
1404 2711 1486 2776 haec
1504 2712 1545 2776 ad
1560 2711 1665 2774 filium
1683 2730 1749 2773 non
1766 2711 1969 2795 pertinerent,

1238 2813 1329 2876 nulla
1357 2813 1511 2898 tangebpt
1538 2814 1720 2888 miseratio,
1752 2833 1880 2898 neque,
1906 2831 1969 2875 cun

1238 2931 1300 2996 per
1322 2913 1430 2978 oblata
1461 2915 1605 2976 omnium
1627 2913 1873 2999 provinciarum
1894 2911 1968 2975 auxi·

1239 3013 1283 3074 lia
1299 3029 1430 3097 posset,
1453 3029 1488 3077 ut
1505 3013 1606 3098 patris
1623 3015 1768 3078 dedecus
1783 3017 1888 3078 ultum
1904 3015 1966 3080 iret.

1239 3131 1379 3198 eumque
1407 3116 1546 3179 vinculis
1577 3117 1757 3194 eximeret,
1791 3113 1966 3200 permoveri

1238 3215 1308 3278 ullo
1329 3227 1425 3298 pacto
1454 3230 1594 3300 poterat.
1638 3218 1729 3312 Quot
1758 3237 1860 3290 annos
1881 3216 1914 3277 iu
1932 3231 1966 3276 eo

1237 3329 1321 3378 statu
1337 3315 1519 3394 duraverit,
1541 3319 1713 3384 incertum.
1756 3318 1901 3380 Tandem
1922 3336 1967 3379 er·

1236 3416 1397 3480 curiatum
1425 3417 1535 3482 rivum
1564 3421 1664 3483 tradit
1701 3420 1874 3503 Agathiss‚
1906 3419 1965 3501 (alii

1238 3517 1326 3580 istud
1359 3533 1437 3604 post
1466 3534 1605 3582 mortem
1636 3520 1759 3583 fuctum
1789 3519 1965 3605 perhibent)

1239 3618 1376 3706 ejusque
1399 3618 1549 3684 infelices
1570 3621 1703 3684 exonios
1718 3641 1760 3683 ex
1775 3622 1890 3704 templi
1906 3622 1965 3682 tlro·

1238 3720 1272 3783 lo
1294 3739 1485 3804 snspensas,
1508 3735 1544 3784 ut
1559 3736 1669 3784 essent
1683 3724 1807 3785 terrori
1819 3723 1898 3796 illis,
1916 3719 1964 3804 qni

1239 3821 1395 3884 haetenus
1416 3835 1578 3886 terrarum
1601 3823 1716 3885 orbem
1741 3838 1870 3886 terrore
1889 3841 1963 3885 ouu-

1238 3923 1421 4006 plevernnt.
1444 3923 1520 3988 Fuit
1535 3921 1963 4007 judicio'l'rebelliirirsnu·

1238 4045 1363 4087 marum
1393 4025 1565 4102 virtutum,
1596 4026 1717 4110 quique
1747 4027 1821 4110 jure
1848 4026 1963 4088 merito·

1237 4148 1328 4202 rum,
1359 4140 1394 4190 et
1409 4128 1506 4212 qnasi
1519 4127 1686 4212 ex'totius
1711 4127 1801 4189 orbis
1823 4149 1884 4190 uns
1901 4146 1962 4188 sen·

1238 4229 1339 4292 tentis
1351 4248 1538 4312 supremum
1555 4225 1720 4313 fastigium
1729 4227 1961 4298 conscenderat,

1238 4341 1271 4392 ut
1294 4328 1422 4394 Victori
1452 4328 1612 4404 stolidos,
1652 4329 1857 4413 multumque
1887 4328 1960 4388 iners

1239 4428 1345 4492 dictus
1367 4442 1428 4494 est.
1459 4427 1683 4506 Crediderim,
1707 4429 1958 4512 hactternpestste

1237 4545 1293 4596 sut
1323 4530 1433 4613 tnagis·
1461 4531 1646 4614 prolapsam
1685 4547 1765 4593 rem·
1787 4529 1959 4598 Romanam,
2055 4565 2056 4568 =

1233 4645 1287 4720 aut
1314 4631 1455 4714 majores
1489 4631 1591 4694 luisse
1629 4631 1843 4694 barbarorum
1874 4629 1956 4698 vires,

1234 4754 1330 4820 quam
1347 4745 1383 4798 nt
1403 4731 1576 4800 adversum
1591 4730 1674 4796 haec
1689 4729 1773 4794 mals
1790 4729 1956 4796 remelinn
