4224 5506
737 413 1082 568 couuccvs

290 749 294 757 ¹
396 665 518 724 codem
540 679 647 722 aanor

136 768 236 844 cadi<
248 762 443 846 pimomcn
463 765 577 836 Lucii,
600 763 747 840 exspirat
770 763 883 825 BItIP.

202 969 256 1032 Ex
274 965 401 1041 numia,
424 985 507 1048 quas
525 963 622 1026 modo
638 961 830 1038 recensebo,
849 963 886 1052 ii,-

135 1069 196 1152 qui
212 1069 379 1132 mentione
392 1065 578 1128 consulatus
591 1062 772 1140 abstinent,
788 1063 884 1126 ctiam

134 1190 224 1231 anno
240 1182 397 1254 aequente
414 1167 508 1228 feriri
520 1178 708 1250 potuerunt.

137 1372 177 1434 Α.
280 1371 321 1434 L.
340 1369 437 1432 ΑΕΒ.
457 1369 617 1435 AVREL.
633 1367 774 1430 COMM.
787 1369 883 1436 AVG.

281 1474 319 1534 P.
337 1471 435 1536 FEL.
464 1473 565 1551 Caput
575 1474 754 1532 laureatum
770 1473 804 1532 in
813 1475 883 1536 An.

287 1578 358 1636 Aa.
375 1577 404 1634 Ι.
423 1575 468 1634 11.
693 1613 694 1617 ,
802 1619 806 1630 .

135 1677 176 1737 B.
277 1677 319 1738 L.
338 1674 754 1744 AELIVS.AVREL1VS.·
775 1673 883 1738 COM-

149 1819 152 1826 ι
282 1775 450 1844 MODVS.
479 1776 576 1844 AVG.
597 1777 706 1846 PlVS.
738 1777 882 1840 FELIX.

283 1889 317 1946 in
333 1885 403 1944 Aa.
421 1901 508 1941 mac.
522 1884 604 1942 mod.

139 1985 173 2047 C.
279 1985 367 2045 IMP.
384 1979 762 2046 COMMODVSAEVG.
775 1980 884 2046 PIVS.

282 2083 427 2146 FELIX.
452 2086 551 2160 Capu!
565 2085 743 2142 laureatum
763 2085 799 2142 in
814 2085 885 2144 ΑΕ.

281 2207 367 2248 mcc.
384 2189 469 2248 mod.
492 2185 623 2262 (Haym.
640 2181 776 2263 Pisani.)

424 2283 607 2368 *⁴*

191 2447 197 2456 .
290 2394 332 2452 Vr
351 2391 399 2450 tit.
417 2393 458 2449 Α.

138 2496 164 2555 i.
190 2491 233 2556 0.
249 2493 295 2552 Μ.
321 2487 535 2552 SPONSOR.
560 2487 651 2552 SEC.
678 2484 778 2554 Ave.
813 2488 886 2566 Iup-

136 2598 223 2674 piter
239 2604 330 2654 atone
344 2612 369 2652 r.
381 2593 516 2664 carram,
539 2594 570 2650 d.
584 2592 743 2669 continqa't
753 2592 889 2668 impera·

141 2707 239 2758 torem
265 2697 444 2754 adstantem
467 2702 611 2772 iocatum
636 2694 666 2750 d.
688 2685 836 2770 plebum}
858 2712 883 2752 a·

141 2805 296 2873 sceptrum
314 2805 480 2856 tenentem.
493 2795 563 2856 AR.
590 2793 627 2852 ln
648 2791 885 2855 eeneis1.fcr-

142 2914 215 2956 mae
231 2908 402 2978 praeterea
418 2895 564 2957 additura
589 2891 748 2962 cosvt.
757 2895 794 2954 P.
802 2895 838 2956 P.
850 2895 884 2954 S.

141 2998 177 3057 C.
188 2999 368 3076 eelnppr'ter
380 3019 406 3057 r.
421 2999 544 3076 fulmen
554 3005 646 3057 tecet.
661 2995 762 3075 (Mus.
775 2995 884 3076 Caes.)

286 3101 328 3158 V!
348 3100 396 3160 lit.
417 3100 457 3159 A.

142 3197 245 3264 iovi.
272 3187 458 3280 neruus.
479 3195 671 3262 sncvrts.
691 3195 790 3265 Ave.
812 3200 886 3278 aaa
910 3272 911 3276 Ν

137 3303 223 3378 piter
244 3309 334 3360 stane
349 3303 432 3361 inter
446 3309 562 3379 reptem
576 3301 644 3360 aive
660 3303 795 3373 idonea,
817 3303 885 3362 sice

137 3403 288 3477 planetas
301 3461 302 3464 ,
313 3404 344 3460 d.
364 3403 490 3481 fulmen
521 3403 672 3475 intentat,
686 3465 689 3474 ,
702 3423 728 3465 a.
748 3405 884 3464 hastam.

140 3504 211 3564 AB.
234 3503 334 3582 (Mus.
349 3503 456 3582 Caes.)

288 3607 331 3666 Vr
352 3607 400 3668 tir.
422 3609 462 3666 A.

140 3705 293 3766 MATRI.
337 3705 479 3771 DEVMr
525 3705 740 3772 CONSERV·
785 3707 884 3773 Avo.

141 3805 238 3870 008.
258 3807 314 3874 Vt.
331 3808 369 3868 P.
388 3809 424 3868 P.
442 3807 475 3870 S·
494 3805 530 3867 C.
555 3811 665 3888 Cybele
686 3813 776 3872 leone
796 3819 886 3871 cecla

138 3911 170 3968 ct
189 3919 390 3988 tympanum,
412 3911 581 3980 afiartam.
603 3913 708 3974 Am.
722 3912 762 3973 11.
785 3909 885 3991 (Mus.

142 4011 251 4088 Caes.)
391 4023 394 4030 ⁴

202 4110 322 4174 Eidem
358 4124 465 4175 tamen
483 4101 576 4177 'huie
604 4111 667 4175 deo
690 4125 724 4175 et
746 4113 887 4176 Herculi

1580 555 1583 563 .
1613 504 1682 576 121

941 676 1155 724 memoratum
1174 662 1332 746 Dionysio
1344 664 1622 738 ilalicarnussensi
1637 665 1682 751 1²),

942 763 1140 846 cujusacties
1158 764 1189 824 in
1204 765 1441 830 colleMartiaii
1458 769 1564 844 stetit,
1583 769 1684 835 fuisse

942 865 1052 925 Iovem
1076 869 1154 947 fidei
1166 886 1367 944 sponsorem,
1391 881 1424 930 et
1439 868 1526 932 forte
1543 889 1616 934 eum
1636 875 1684 958 ip·

942 985 1031 1040 sum,
1067 969 1177 1050 quern'
1196 968 1335 1029 Romani
1358 971 1458 1032 Deum
1483 973 1611 1034 Fidium
1637 973 1684 1035 di·

942 1086 1033 1128 xere.
1069 1068 1259 1152 Epigraphe
1288 1089 1354 1130 non
1386 1071 1523 1134 multum
1554 1073 1684 1137 absimia

941 1167 982 1228 lis
1006 1166 1144 1230 habetur
1164 1169 1197 1230 in
1220 1189 1318 1231 numo
1341 1173 1505 1234 Postumi:
1528 1175 1552 1234 1.
1576 1175 1618 1238 Ο.
1635 1179 1682 1242 M,

943 1269 1176 1333 SPONSORI.
1209 1271 1404 1338 SAECV'LI.
1436 1273 1560 1352 AVG.,=
1590 1279 1677 1340 unde

942 1370 1061 1452 conjici
1077 1385 1198 1453 posset,
1222 1372 1318 1433 etiam
1338 1373 1371 1433 in
1392 1392 1565 1456 praesente
1582 1401 1682 1442 numo

941 1494 977 1534 το
1000 1471 1090 1536 SEC.
1107 1487 1223 1534 notare
1240 1473 1424 1549 SECclcm,
1448 1497 1512 1536 non
1538 1479 1685 1544 SECuri·

942 1585 1058 1648 tntcm‚
1081 1571 1142 1634 nisi
1160 1570 1235 1634 inde
1252 1572 1630 1658 chugustcconstaret‚
1650 1583 1684 1645 in

941 1675 1048 1736 nrrmis
1074 1693 1206 1756 semper
1224 1673 1459 1744 SAECVLVM
1474 1679 1599 1755 scribi,
1617 1701 1685 1746 non

942 1777 1160 1842 SECVLVM.
1191 1777 1344 1840 Ceterum
1369 1777 1452 1840 male
1474 1801 1610 1843 munere
1625 1805 1686 1846 saro

941 1877 1072 1939 functus
1090 1889 1141 1938 est
1155 1875 1318 1958 iuppiter,
1337 1879 1465 1962 quando
1494 1883 1601 1964 pridie
1620 1887 1686 1945 Ka·

942 1978 1031 2040 lead.
1056 1980 1125 2040 Ian.
1151 1977 1225 2038 anni
1247 1981 1412 2061 sequentis
1446 1983 1572 2046 nefarie
1598 1986 1686 2047 radi·

943 2078 1089 2140 monium
1105 2077 1260 2142 deseruit.
1283 2083 1325 2140 At
1341 2095 1476 2142 matrem
1496 2083 1591 2146 deum
1611 2086 1684 2168 jure

944 2178 1219 2241 conservatricem
1253 2183 1396 2262 agnovit.
1446 2185 1528 2246 Nam
1561 2189 1686 2271 aliquot

943 2293 1017 2342 ante
1035 2280 1143 2354 annia,
1166 2299 1231 2362 (pro
1246 2277 1300 2341 die
1316 2283 1465 2344 consueti
1487 2285 1557 2347 ludi
1574 2292 1686 2372 Mega-

726 2403 735 2422 ·
846 2403 848 2408 ’
942 2381 1024 2443 lesia
1041 2381 1074 2441 in
1092 2380 1161 2463 ejus
1179 2381 1338 2444 honorem
1359 2385 1424 2446 acti
1443 2400 1535 2462 aunt,
1566 2391 1686 2451 Mater·

942 2503 1003 2544 nus
1017 2483 1175 2568 quispiam
1197 2482 1360 2546 latronum
1384 2483 1449 2548 dux
1474 2489 1604 2550 Caesari
1623 2511 1684 2574 per

943 2583 1096 2664 ludorum
1129 2584 1295 2646 licentiam
1319 2585 1453 2650 insidias
1474 2593 1684 2676 compararit.

943 2685 1080 2747 Prodito
1103 2703 1164 2767 per
1190 2685 1297 2747 socios
1314 2687 1470 2765 consilio,
1501 2705 1534 2752 et
1550 2708 1683 2756 anctore

941 2785 1067 2847 meritis
1085 2785 1252 2868 suppliciis
1268 2785 1397 2849 adiecto
1415 2789 1503 2872 ipse,
1527 2814 1564 2854 ac
1582 2815 1694 2877 popu-v

942 2886 993 2947 lus
1020 2886 1125 2948 omnis
1144 2887 1252 2966 deae,
1282 2890 1373 2952 reiut
1399 2911 1482 2975 quae
1500 2893 1683 2979 principem

942 3002 1115 3071 praesente
1144 2991 1294 3074 periculo
1322 2992 1515 3075 eripuisset,
1563 2999 1683 3074 soteria

943 3092 1129 3175 peragite).
1159 3095 1211 3155 De
1226 3092 1384 3174 Serapide
1402 3113 1532 3178 quoque
1551 3116 1684 3161 conser-

945 3206 1057 3256 vatore
1072 3215 1148 3257 mox
1167 3193 1262 3258 infra.
1365 3251 1368 3256 .

1226 3296 1457 3380 e's'

1041 3401 1089 3466 ‚Vt
1108 3403 1156 3464 lit.
1172 3402 1214 3460 A.

943 3496 1335 3571 MAGNIFICENTIAE.
1365 3499 1466 3569 AVG.
1490 3503 1593 3570 ·COS.
1627 3511 1683 3578 vl.
1781 3517 1782 3520 ’

942 3597 980 3658 Ρ.
997 3603 1033 3659 Ρ.
1055 3604 1141 3662 intra
1160 3623 1319 3668 coronam.
1341 3609 1409 3668 ΑΕ.
1429 3609 1469 3671 ll.

977 3721 980 3728 ·
1006 3703 1109 3764 Deest
1126 3701 1180 3764 hic
1196 3713 1313 3768 numus
1330 3707 1363 3768 in
1374 3705 1607 3783 Mediobarbm
1632 3727 1686 3769 ex·
1777 3779 1784 3786 ,.

944 3815 1007 3865 stat
1022 3803 1107 3886 apud
1119 3805 1349 3884 Vaillantium‚
1373 3809 1432 3871 sed
1454 3807 1527 3884 ubi,
1550 3810 1619 3872 fors
1639 3825 1685 3890 ty·

944 3903 1098 3988 pothamo
1116 3924 1249 3980 errore,
1280 3905 1404 3991 legit-ur
1417 3910 1512 3976 COS‘.
1531 3913 1586 3974 111.
1607 3913 1686 3978 Vni·

892 4033 894 4038 ¹
945 4025 1031 4070 cum·
1046 4005 1132 4068 is'tutl
1156 4021 1206 4070 est
1227 3998 1482 4092 Maan'ficeiatr'cc
1507 4014 1613 4078 numia
1638 4015 1685 4074 in·

943 4109 1084 4190 scriptae
1114 4109 1319 4194 exemplum,
1355 4133 1456 4197 qaam„
1481 4115 1682 4200 epigraphen

141 4233 224 4295 opus
240 4210 344 4275 fuisse
357 4217 434 4277 Iove
445 4219 605 4296 Sponsam
627 4219 828 4290 securitatis,
852 4229 886 4278 et
940 4213 973 4274 in
991 4210 1123 4272 homine
1144 4212 1315 4276 vanissimo
1334 4215 1467 4297 quaeris
1482 4235 1579 4280 cause
1595 4239 1675 4302 quc·

139 4317 449 4394 defensoreaalutr's,
473 4329 514 4405 et
524 4321 629 4380 Matre
646 4323 740 4380 decem
763 4337 886 4379 conam·

141 4420 271 4490 natrice,
289 4430 479 4502 praesentes
487 4416 788 4502 numiprciitentur.
809 4417 886 4479 Exi-

141 4513 251 4580 stimat
273 4517 380 4582 Lilius
406 4519 568 4601 Gyraldus
584 4523 633 4602 ι),
667 4517 730 4582 Δια
754 4513 887 4580 [lacerer

943 4311 1170 4396 modocunque
1185 4313 1294 4397 inepta
1311 4313 1435 4379 dictare
1450 4318 1568 4401 patuit.

1302 4416 1322 4454 ψ

1088 4525 1130 4583 Vt
1149 4520 1197 4580 lit.
1207 4459 1246 4583 ἒ
1264 4525 1376 4599 Capita
1383 4459 1582 4605 tinemuta,
1598 4527 1684 4587 Conr-

197 4736 228 4808 a)
247 4729 434 4814 Syntp86·
507 4727 543 4805 b)
562 4702 791 4812 1..1X.·95617.
833 4739 895 4812 o)
914 4735 1072 4794 Herodian.
1092 4735 1124 4792 1..
1144 4689 1268 4796 1.c.10.
