4224 5506
407 489 491 580 a,
1004 459 1347 560 consonus

567 681 603 740 I'.
628 678 661 738 C.
681 680 753 740 915.
777 676 814 736 Ρ.
836 675 877 734 Χ.
901 679 971 736 192.
1201 670 1401 734 Commodus,
1435 653 1635 746 Aequam,
1657 665 1852 740 Herculeus,
1882 668 1940 728 no-

404 789 464 848 TII.
490 783 523 842 P.
543 779 651 840 XVII.
689 777 778 836 COS.
802 777 872 835 VII.
913 776 949 835 P.
975 775 1019 834 Μ.
1043 775 1078 836 P.
1107 775 1140 834 Ρ.
1199 789 1330 842 manus,
1370 767 1633 845 Eruperatorr'ur.
1673 765 1780 850 Atque
1821 763 1939 831 infame

559 879 669 942 I’IVS.
687 878 779 938 Fet.
799 879 885 936 IllII’.
905 875 994 934 VIII.
1199 867 1506 940 istutlrnonsttum,
1528 864 1701 948 aliquoties
1725 865 1850 930 insidiis
1873 867 1940 932 fru-

283 991 287 998 '
402 987 565 1050 Commodo
590 982 675 1060 Aoq.
692 977 764 1042 m.
787 978 821 1034 P.
839 977 952 1036 IIers'o
978 977 1143 1036 Pertinace
1200 985 1265 1032 stra
1284 968 1432 1052 petitum,
1452 968 1592 1052 denique
1608 969 1941 1052 conspirationeblar·

704 1079 749 1137 II.
772 1096 835 1137 cos.
1201 1071 1270 1140 ciae
1287 1070 1431 1144 amicae,
1461 1084 1495 1132 et
1519 1071 1714 1132 Amazoniae
1733 1093 1810 1134 suae
1829 1073 1939 1156 periit,

1200 1191 1283 1256 quae
1309 1191 1383 1232 cum
1409 1169 1441 1230 in
1460 1171 1562 1253 puelli
1581 1173 1762 1234 Commodo
1787 1173 1940 1255 perchari

465 1279 664 1349 Commodus
682 1276 787 1362 pridie
798 1275 965 1340 Kalendas
983 1275 1051 1337 lan.
1067 1296 1146 1339 noc·
1204 1294 1302 1334 manu
1323 1269 1510 1334 adverteret
1531 1271 1704 1345 tabellam,
1728 1295 1824 1356 quam
1848 1276 1875 1334 is
1893 1276 1941 1336 illi

401 1403 433 1450 to
461 1382 619 1450 concubia
640 1381 673 1442 vi
703 1379 793 1440 illata
819 1377 1037 1462 exstinguitur
1059 1399 1144 1440 auno
1202 1373 1397 1446 dormienti,
1418 1387 1464 1432 ut
1481 1393 1554 1434 cum
1574 1373 1630 1434 illa
1646 1373 1796 1451 luderet,
1820 1376 1944 1438 subtra-

400 1487 514 1552 aetatis
531 1481 651 1545 XXXI.
669 1499 781 1542 mense
801 1481 856 1544 tv.
1202 1476 1267 1548 xit,
1297 1487 1396 1558 atque
1417 1472 1450 1532 in
1474 1494 1516 1535 es
1537 1495 1573 1536 se
1600 1495 1730 1560 quoque
1749 1473 1791 1538 ad
1810 1478 1943 1539 caedem

463 1561 540 1650 uuir
554 1603 615 1668 per
636 1581 883 1652 crudelitatem,
907 1591 941 1639 et
956 1598 1081 1640 morum
1097 1579 1145 1640 in·
1203 1574 1403 1658 designatam
1431 1575 1576 1658 legeret,
1612 1577 1729 1640 codena
1758 1578 1865 1641 adhuc
1891 1600 1944 1641 ve·

397 1687 529 1751 lamiam
546 1684 696 1768 pessimis
714 1680 914 1766 principibus
931 1679 1143 1742 adnumerata·
1199 1695 1312 1760 spere,
1350 1676 1406 1760 qui
1430 1675 1492 1738 luit
1521 1679 1596 1740 anni
1623 1677 1718 1758 bajus
1746 1695 1943 1762 postremus,

398 1788 480 1862 dus,
515 1785 660 1870 quinon
684 1783 804 1866 exiguo
829 1801 1057 1844 numerorem
1077 1785 1142 1844 tto-
1200 1778 1945 1862 primumvenenamCommodoobtulit,cum·

399 1907 526 1954 osanam
558 1900 715 1959 tenuere,
746 1895 780 1944 et
803 1902 863 1966 per
886 1895 972 1944 artes
990 1881 1146 1967 gladiato·
1203 1879 1310 1962 queis
1328 1877 1767 1963 illudrejectareinciperet,
1791 1883 1948 1962 ejusl'au·

398 1991 484 2062 rias,
507 1986 677 2072 inquibus
701 1984 922 2060 excelluerat,
955 1983 1072 2066 dignus
1092 2003 1146 2044 ru-
1204 2000 1258 2044 ces
1276 1999 1337 2063 per
1354 1981 1544 2074 arcessitum
1561 1980 1775 2062 gladiatorem
1791 1983 1948 2066 elidijas·

399 2087 819 2168 moreisvulgussparso,
850 2106 915 2147 nou
933 2107 951 2146 a
971 2088 1082 2147 Marco
1105 2084 1146 2144 il·
1203 2084 1256 2146 sit.
1301 2080 1405 2164 Igitur
1432 2081 1649 2157 Commodus,
1689 2085 1744 2166 qui
1767 2087 1947 2148 Domitiani

391 2193 487 2262 lum,
511 2188 570 2250 sed
588 2185 768 2271 gladiatore
777 2205 840 2269 per
858 2185 1054 2248 adulterium
1063 2184 1147 2248 Fau·
1204 2183 1350 2246 moribus
1369 2181 1467 2258 vixit,
1491 2183 1630 2244 similem
1648 2183 1745 2246 etiam
1765 2185 1888 2261 exitum
1898 2207 1948 2248 re·

401 2288 827 2370 stiuseluiiseconceptum
850 2287 891 2366 ¹).
913 2289 950 2348 ln
967 2286 1039 2369 ejus
1054 2307 1147 2348 enar·
1203 2287 1310 2369 perit,
1349 2285 1519 2367 utriusque
1546 2284 1675 2346 insidiis
1705 2307 1765 2350 suo
1799 2287 1945 2369 ipsorum

398 2391 511 2455 randis
529 2387 751 2457 sceleribuset
764 2403 898 2471 stupore
913 2389 1055 2474 ingenii,
1078 2409 1144 2473 quo
1204 2387 1301 2470 capiti
1312 2385 1469 2447 tatalibus
1484 2385 1625 2468 apuello
1642 2386 1688 2448 nil
1705 2388 1945 2472 talecogitante

397 2492 481 2554 nihil
502 2513 568 2552 non
593 2489 778 2565 attentavit,
807 2489 889 2550 nibil
908 2508 974 2551 uon
993 2489 1055 2550 sibi
1070 2508 1144 2572 per·
1202 2487 1341 2572 proditis
1358 2486 1399 2568 b).
1438 2487 1519 2568 Ejus
1548 2485 1656 2548 audita
1674 2508 1756 2550 nece
1776 2509 1899 2572 corpus
1912 2503 1947 2551 ut

402 2593 538 2654 missum
554 2587 780 2663 arbitrabatur,
803 2591 1144 2673 noloesseprolixior,
1203 2607 1288 2650 unco
1316 2588 1517 2664 traheretur,
1549 2603 1582 2649 et
1606 2588 1638 2649 in
1656 2589 1803 2652 Tiberim
1825 2591 1944 2674 abjice·

397 2691 609 2777 quode'oruus
631 2691 794 2774 potiorem
807 2691 978 2774 partemin
998 2692 1144 2774 ipsorum
1203 2703 1313 2766 retur,
1344 2711 1406 2751 una
1425 2709 1507 2752 voce
1525 2690 1866 2773 postulavitsenatus,
1889 2714 1946 2776 po·

398 2813 574 2856 numerum
598 2791 817 2874 explicatione
843 2792 911 2874 jana
946 2812 1145 2856 commemo·
1202 2791 1384 2875 polusque,
1403 2804 1505 2874 atque
1530 2807 1581 2855 est
1598 2811 1717 2876 operae
1741 2793 1883 2876 pretium
1900 2796 1946 2858 le·

398 2895 480 2956 ravi.
504 2893 602 2989 Quod
618 2905 726 2954 tamen
743 2913 783 2955 eo
809 2893 990 2978 imperante
1016 2895 1145 2985 integra
1202 2911 1282 2976 gero
1303 2892 1386 2976 apud
1403 2889 1626 2976 Lampridium
1646 2909 1773 2978 patrum
1787 2895 1946 2960 adclama

397 2995 492 3058 stetit
531 2993 734 3076 respublica,
774 2995 854 3094 ipsis
889 2994 1144 3077 provincialibus
1203 2994 1328 3070 tiones,
1366 2993 1484 3077 quibus
1507 2993 1628 3056 funesti
1652 2995 1793 3057 bominis
1824 3017 1947 3059 memo·

399 3093 554 3170 Mauris,
584 3095 701 3170 Dacis,
737 3095 931 3170 Pannoniis,
969 3096 1145 3170 Britannis,
1203 3095 1284 3156 riam
1306 3095 1576 3172 exsecrabantur,
1608 3111 1641 3158 et
1665 3117 1739 3160 cum
1757 3097 1947 3162 vinmnon

402 3193 575 3254 Germanis
606 3193 676 3274 ejus
704 3193 876 3274 imperium
909 3197 1145 3272 recusantibus,
1204 3195 1381 3270 baberent,
1404 3210 1567 3258 mortuum
1583 3199 1623 3258 ad
1634 3218 1771 3281 poenam
1792 3197 1948 3284 deposce·

400 3293 490 3353 istud
523 3293 753 3376 praestantium
774 3331 777 3336 -
802 3293 921 3355 ducum
956 3298 1147 3372 Pertinacis,
1204 3299 1290 3360 bant.
1322 3297 1692 3380 AtPertinaxjatutnm
1716 3300 1855 3364 dictus
1846 3320 1949 3384 smpe-

403 3391 536 3462 Sereri,
559 3392 736 3454 Pescennii
749 3393 865 3476 Nigri,
886 3395 1000 3460 Albini
1023 3397 1146 3470 virtuti,
1203 3415 1294 3461 rator
1316 3419 1391 3460 eum
1415 3399 1550 3482 sepeliri
1576 3401 1736 3486 primum,
1769 3401 1887 3464 deinde
1916 3403 1948 3462 in

402 3505 437 3554 ot
488 3490 567 3556 fidet
616 3491 808 3560 debebatur.
871 3493 964 3579 ¹lpse
1019 3498 1145 3560 interes
1203 3500 1615 3563 Hadrianimonumentum
1632 3503 1747 3564 inferri
1764 3503 1869 3585 jussit.
1897 3503 1948 3563 Dc

402 3597 436 3654 in
468 3595 586 3680 ignaro
616 3597 740 3657 Romae
774 3597 842 3659 otio
878 3597 1061 3674 consedit,
1083 3597 1147 3659 nisi
1205 3600 1276 3683 ejus
1295 3603 1542 3664 consecratione
1557 3617 1674 3687 agetur
1691 3603 1785 3666 inira
1808 3603 1888 3684 Ejus
1906 3606 1949 3664 vi·

403 3695 1061 3780 quodarmaibiuoninanimaliamodo,
1075 3699 1146 3762 sera
1204 3715 1270 3762 tam
1288 3721 1453 3784 scripsere
1474 3704 1698 3787 Lampridius,
1730 3707 1814 3780 Dio,
1845 3711 1952 3769 Hero·

405 3795 546 3878 perinde
564 3813 791 3874 remanerem,
806 3797 863 3862 sed
875 3799 1146 3877 bominesotiam,
1205 3801 1338 3876 dianus,
1360 3817 1491 3884 praeter
1506 3805 1644 3867 aliorum
1661 3807 1865 3890 compendia

403 3895 502 3960 modo
529 3885 648 3962 divites
671 3913 799 3974 essent,
828 3915 883 3963 aut
907 3901 968 3962 sibi
994 3904 1147 3986 suspecti,
1269 3905 1361 3971 onr
1380 3907 1541 3984 Crispina,
1565 3907 1606 3971 de
1624 3909 1797 3992 quainsra.

400 4000 577 4074 convertit,
599 3999 723 4063 indicto
739 4001 837 4062 etiam
858 4001 1023 4064 mensibus
1046 4001 1148 4078 bello,

404 4101 523 4182 quibus
541 4121 602 4185 pro
622 4115 752 4178 vetere,
784 4115 817 4165 et
834 4115 968 4185 recepta
994 4103 1150 4168 hacteuus
1572 4109 1592 4148 *

403 4203 625 4285 appellatione
662 4201 841 4266 secundum
877 4203 993 4266 Dionis
1007 4204 1149 4282 coaevi,
1206 4207 1245 4270 Α.
1345 4207 1384 4268 L.
1407 4207 1502 4268 AEL.
1522 4211 1679 4276 AVREL.
1700 4213 1840 4275 COMM.
1851 4214 1952 4282 AVG.

406 4313 440 4360 et
467 4304 591 4364 llomse
617 4304 799 4384 praesentis
824 4304 1045 4366 testimonium
1069 4303 1150 4369 liaeo
1244 4337 1246 4346 =
1350 4309 1387 4372 P.
1413 4310 1508 4372 Fun.
1554 4315 1654 4392 Caput
1675 4315 1766 4376 corio
1800 4320 1928 4378 cultas
1913 4339 1949 4378 sn

405 4398 523 4462 indidit
552 4403 699 4465 nomina:
739 4409 959 4484 Amazonius,
995 4380 1149 4483 Invictus,
1353 4431 1437 4472 omna
1455 4415 1759 4494 mctalloetsornra.

402 4501 518 4574 natta,
550 4505 646 4577 Pius,
667 4508 804 4581 ινοίω,
834 4511 962 4582 Aelius,
991 4512 1154 4586 Aurelius,
1214 4508 1252 4570 B.
1353 4513 1956 4589 L.attt,rttS.AvttE1,1v8.cou-

422 4631 1961 4674 ·····—·--·--—-—-—-——----—--—..

454 4713 488 4780 a)
511 4709 637 4787 Capitol.
656 4710 688 4768 iu
705 4710 807 4772 Amet.
827 4731 855 4774 c.
873 4725 913 4786 19.
987 4713 1022 4786 b)
1042 4715 1096 4773 oto
1116 4713 1148 4773 L.
1162 4713 1279 4778 Lxxtt.
1299 4717 1380 4790 §.150
