4220 5504
688 421 1065 582 ¹anarrinon.

1620 501 1691 612 22'3

148 665 304 756 quidem,
327 677 411 746 qnae
425 667 633 722 monumenta
653 653 783 740 publica
799 675 894 740 prae⁴
950 657 1192 722 matrimonium
1206 677 1277 724 esse
1295 659 1492 740 fecundum,
1515 685 1588 752 mm
1607 643 1701 736 tem.

144 768 311 842 ferebant,
332 775 535 848 parceretur.
561 757 823 832 Marmora'alia,
851 777 893 820 ex
949 758 1141 824 Herodiano
1153 761 1317 826 Caracalla
1329 763 1406 828 inde
1423 789 1441 829 a
1456 769 1618 854 principio
1638 771 1699 836 ha.

146 868 265 954 qulbus
284 884 414 934 erasnm
429 858 733 934 Plautianinomen,
756 859 894 944 collegit
948 862 1076 943 nuptias
1101 877 1268 938 aversatus
1291 886 1398 951 neque
1429 871 1593 934 communi
1618 895 1693 938 cum

147 971 192 1034 ul.
223 965 426 1031 Fontouinus
463 963 497 1025 in
538 961 606 1024 suis
637 960 892 1047 Antiquitatibus
949 959 1103 1048 Plautilla
1127 953 1223 1044 tbro,
1253 986 1360 1052 neque
1390 991 1502 1034 mensa
1520 987 1690 1039 uteretur.

145 1077 295 1146 Hortae,
316 1066 424 1130 sedin
446 1063 610 1128 nonnullis
627 1083 701 1126 eum
721 1063 894 1136 fefellisse.
952 1063 1160 1128 Froeliohius
1183 1088 1258 1132 cum
1275 1089 1317 1132 ex
1342 1071 1417 1136 looo
1433 1073 1614 1136 Herodiani
1639 1075 1697 1140 du·

145 1173 278 1240 erudite
304 1165 713 1240 demonstravitcamillua
735 1164 896 1226 Silvester
951 1157 1025 1225 biae
1052 1165 1221 1247 lectionis,
1256 1183 1324 1233 tum
1351 1193 1394 1236 ex
1426 1151 1695 1264 inscriptionibus

147 1278 184 1336 in
220 1271 358 1357 epistola
391 1269 433 1333 ad
458 1267 648 1352 Philippum
677 1264 832 1328 Turrinm
855 1265 894 1346 Ι).
951 1261 1086 1328 Graecis
1104 1269 1227 1353 Ephesi
1245 1275 1386 1357 repertis
1404 1271 1546 1360 probare'
1564 1279 1695 1342 &duim

147 1375 303 1443 Plautilla
326 1372 497 1456 deportata
521 1370 555 1432 in
575 1369 738 1442 Siciliam,
767 1381 811 1452 et¹
827 1381 895 1428 tan·
950 1377 1011 1438 eat,
1034 1384 1127 1431 natos
1141 1371 1213 1434 esse
1227 1392 1268 1434 ex
1284 1375 1347 1437 hoo
1368 1377 1575 1444 matrimonio
1588 1379 1694 1446 filium

146 1478 253 1562 tisper
267 1473 451 1538 liberaliter
467 1471 594 1546 hatita,
626 1485 661 1539 ttt
674 1468 717 1532 eit
734 1467 894 1530 Herodia-

145 1601 232 1654 nus,
263 1591 296 1640 at
317 1574 496 1639 seeundum
512 1575 662 1638 „Dionem
686 1569 833 1652 relegata
858 1565 892 1630 in
914 1601 917 1608 ·

145 1681 303 1764 Liparum
325 1677 361 1740 in
376 1697 489 1740 rerum
514 1673 612 1740 etiam
634 1670 893 1737 necessariarum

142 1781 257 1866 mopia
275 1777 366 1844 vixit.
400 1781 503 1842 Caeso
523 1776 606 1838 Geta
629 1795 701 1838 eam
726 1771 893 1836 Caracalla

142 1885 179 1946 in
197 1883 260 1945 bac
278 1901 334 1943 sna
357 1877 539 1942 calamitate
564 1876 673 1943 omnia
688 1886 893 1938 metuentem

144 1981 290 2047 interfici
311 1981 405 2064 jussit
424 1983 465 2048 V.
491 1981 527 2043 C.
547 1977 608 2062 qbs
624 1973 667 2056 Β),
722 1973 892 2036 Feminam

144 2087 253 2149 inisse
268 2081 599 2166 impudentissimam,
623 2076 807 2142 satannio
824 2077 865 2154 e).

211 2187 352 2248 Dionem
363 2177 437 2244 inde
452 2205 470 2244 n
485 2180 646 2266 principio
656 2178 733 2240 libri
742 2177 891 2248 Lxxvt.

143 2287 326 2364 Plautiani,
354 2299 387 2348 et
410 2280 774 2346 Plautillaeltistoriam
803 2299 892 2344 com-

144 2395 280 2476 plexum
298 2389 326 2452 ai
340 2405 495 2471 sequare,
516 2382 733 2469 perexiguum
751 2393 890 2466 tempus,

145 2509 175 2560 ot
195 2491 284 2554 sorte
301 2489 396 2574 pauci
414 2499 538 2550 tautum
555 2503 684 2546 menses
701 2483 892 2546 interPlau·

144 2597 237 2656 sillae
253 2591 400 2674 nuptias,
423 2601 455 2650 et
470 2587 604 2650 exilium
622 2585 774 2650 ridentur
790 2583 890 2646 inter·

146 2695 298 2759 euasisse.
327 2693 370 2754 At
385 2689 514 2774 lougius
531 2687 741 2752 intervallum
759 2685 891 2748 videtur

143 2797 330 2881 deposcere
341 2791 434 2876 eopia
449 2807 623 2852 numorum
640 2777 814 2850 Plabtillue
824 2807 888 2849 non

145 2895 297 2960 modain
314 2893 407 2970 urbe,
430 2891 488 2954 sed
505 2887 629 2971 majore
638 2889 889 2954 adhuonumero

142 3017 208 3086 per
221 2996 455 3062 remotissimas
472 2989 657 3076 provincias
677 2991 890 3076 signatorum.

143 3101 233 3164 Sane
246 3097 430 3182 longiorem
452 3115 577 3158 moram
598 3091 769 3156 manifeste
788 3089 891 3176 exigit

142 3222 265 3264 numus
286 3199 460 3262 Plautillae
490 3194 576 3281 apud
596 3194 718 3259 Gazam
751 3193 890 3256 Iudaeae

143 3297 291 3388 signatus
305 3321 378 3364 oum
391 3319 475 3362 anno
490 3315 586 3360 aerae
601 3291 694 3372 Asc,
717 3314 814 3380 quem
823 3295 891 3358 edi·

143 3407 227 3470 (lere
245 3401 458 3474 Vaillantius‚
483 3411 517 3462 et
529 3397 679 3460 Norisius
695 3396 739 3476 d).
773 3397 890 3482 Coepit

143 3508 228 3572 baec
242 3527 326 3572 anno
343 3505 385 3574 V.
402 3505 437 3566 C.
454 3499 533 3582 (aqi,
565 3518 647 3584 ergo
663 3521 781 3562 numus
796 3519 891 3584 prae·

143 3618 222 3674 sens
242 3609 387 3691 signatus
403 3617 454 3666 est
475 3601 517 3666 ab
534 3615 689 3664 autumno
703 3602 743 3666 V·
761 3601 799 3664 C.
815 3599 888 3680 956.

146 3709 260 3804 Quare
276 3729 349 3772 oum
367 3705 498 3789 nuptiae
514 3701 689 3766 Plautillae
710 3715 801 3766 actae
819 3701 891 3764 sue·

142 3813 213 3896 rint
227 3809 310 3878 vt).
326 3810 406 3890 q55,
428 3819 465 3868 ut
484 3805 518 3868 in
534 3805 660 3868 Severo
676 3802 717 3866 ad
733 3803 821 3866 bunc
835 3824 889 3864 au·

139 3933 221 3976 num
233 3907 546 3983 demonstravimus,
576 3905 743 3989 sequitur,
773 3903 889 3968 saltem

141 4013 266 4096 integri
290 4012 364 4074 sere
389 4009 465 4072 anni
481 4007 620 4093 spatium
640 4006 727 4070 inter
749 4007 889 4092 nuptias,

141 4127 176 4179 et
191 4113 327 4178 exilium
343 4109 630 4196 interponendum.

143 4265 146 4273 .
206 4218 332 4280 Liberi.
370 4215 445 4278 Non
471 4225 602 4298 poterat
621 4209 798 4274 iufaustum
825 4209 888 4274 boe

950 1485 1050 1526 unum
1082 1469 1300 1552 Hadrianum,
1346 1473 1495 1563 filiasque
1528 1478 1607 1546 duas
1634 1483 1694 1551 Fa·

951 1563 1080 1646 dillant,
1104 1572 1265 1660 aliamque
1284 1595 1476 1660 anonymam
1493 1579 1532 1660 ο).
1568 1565 1693 1650 Verum

950 1689 1178 1761 praeterquam
1202 1676 1291 1762 quod
1316 1679 1444 1743 debiles
1477 1685 1609 1746 omnino
1637 1705 1695 1749 eae

951 1791 1026 1845 suat
1043 1779 1272 1856 coniecturae,
1290 1781 1409 1842 robstat
1425 1804 1490 1846 non
1514 1786 1613 1848 modo
1626 1787 1698 1849 lao-

950 1873 1061 1940 datum
1083 1879 1267 1944 Herodiani
1298 1883 1539 1960 testimonium,
1578 1905 1693 1970 rerum

949 1979 1048 2042 etiam
1061 1993 1192 2064 tempus
1211 1982 1339 2066 ipsum,
1361 1985 1450 2070 quod
1466 2003 1604 2070 propter
1619 2009 1696 2060 eom

950 2093 1099 2142 secutum
1110 2102 1184 2143 mox
1195 2082 1364 2146 dissidium
1382 2086 1435 2150 vix
1448 2088 1504 2149 uni
1520 2090 1694 2156 enitendo'e

948 2181 1036 2264 proli
1053 2195 1182 2264 poterat
1197 2184 1379 2260 suffecisse,
1400 2188 1490 2272 quotl
1507 2188 1611 2272 ipsam
1627 2191 1693 2274 jam

948 2295 1023 2344 anie
1048 2302 1100 2344 me
1119 2283 1259 2346 advertit
1277 2285 1447 2349 Fabricius
1464 2288 1503 2350 ad
1517 2291 1634 2355 Dionis
1647 2297 1693 2358 L.
1791 2343 1798 2347 -

948 2383 1095 2451 Lxxvt.
1121 2380 1217 2470 §.34
1252 2386 1443 2450 Froelielaio
1469 2391 1517 2477 sie
1540 2393 1694 2476 opinandi

948 2507 1045 2554 causa
1068 2485 1130 2549 luit
1146 2486 1346 2564 Politianus,
1376 2489 1432 2572 qui
1454 2489 1564 2559 laeum
1587 2496 1695 2560 Hero·

934 2588 1034 2650 'diaui
1051 2591 1093 2652 Ia.
1104 2591 1161 2650 Ill.
1178 2607 1207 2652 e.
1231 2586 1276 2650 13.
1292 2590 1339 2653 sie
1358 2592 1473 2654 vertit:
1502 2605 1539 2656 a!
1555 2597 1694 2674 Senam

947 2693 1050 2769 ipsam
1087 2689 1305 2770 (Plautillam)
1332 2695 1458 2771 pariter
1483 2715 1554 2758 curn
1577 2699 1692 2778 filiolo,

947 2811 1039 2873 quem
1069 2801 1255 2872 pepererat,
1290 2795 1447 2873 relepaor't
1471 2797 1506 2856 irs
1529 2797 1692 2873 Siciliam,

947 2909 1023 2954 eum
1055 2905 1166 2956 tamen
1195 2905 1303 2954 textus
1325 2893 1471 2958 Graecus
1497 2895 1619 2958 diserte
1644 2901 1692 2964 sio

947 2989 1083 3056 babeat:
1107 2989 1122 3054 t
1145 2986 1328 3072 θεΣεβηρος
1347 2991 1437 3069 ainrnr
1460 2994 1691 3072 asininarum

946 3113 997 3154 ror
1024 3086 1156 3172 aidrbpor
1177 3090 1271 3172 durna
1292 3093 1338 3176 εἰς
1360 3093 1509 3161 Σικελιαν
1528 3095 1693 3182 έπεμψε»,

948 3214 1045 3278 quam
1079 3194 1257 3260 lectionem
1289 3197 1435 3282 praefert
1465 3201 1564 3264 etiam
1586 3203 1695 3268 flao-

949 3294 1037 3368 diani
1062 3294 1198 3380 insignia
1232 3300 1337 3364 codex
1368 3304 1439 3368 ttS.
1469 3300 1693 3368 bibliotbeeae

948 3396 1141 3460 Caesareae.
1171 3401 1388 3479 Pellerinius',
1428 3404 1484 3488 qui
1510 3403 1693 3496 Faustiana

947 3517 1076 3564 oausam
1094 3519 1223 3564 rursum
1239 3504 1393 3566 tuendam
1413 3504 1557 3587 suscepit
1572 3525 1691 3588 propo·

947 3601 1010 3666 sito
1035 3623 1135 3666 numo
1152 3605 1316 3664 Hadriam·
1346 3609 1448 3667 Getae
1471 3603 1692 3687 appellatione

945 3703 1104 3788 inscripto
1124 3700 1170 3784 s),
1198 3702 1239 3763 da
1259 3724 1323 3786 quo
1345 3718 1461 3788 agetur
1475 3705 1560 3767 inira
1580 3707 1614 3767 in
1632 3726 1692 3780 noy

946 3804 1088 3882 minibus
1108 3803 1229 3882 Getae,
1257 3803 1372 3866 iisdem
1396 3801 1494 3868 facile
1518 3825 1689 3890 argumen-

945 3905 998 3982 tis,
1021 3904 1137 3990 quibus
1155 3904 1374 3981 Froeliohius,
1392 3903 1569 3969 refellitur.
1678 3946 1680 3954 =

1008 4007 1234 4091 spartianum,
1257 4006 1314 4091 qui
1337 4005 1510 4089 aliquoties
1529 4009 1690 4094 Elagaba-

944 4109 1015 4172 lum
1035 4108 1222 4199 caracallae
1238 4105 1343 4172 lilium
1364 4111 1446 4174 dixit
1460 4111 1510 4190 l),
1541 4109 1689 4194 inhujus
1720 4135 1725 4148 ·

944 4209 1011 4276 vita
1027 4210 1062 4272 in
1077 4207 1236 4293 judicium
1257 4209 1390 4278 vocabo.

104 4573 113 4593 .
182 4564 214 4635 a)
233 4555 374 4617 Raceolta
391 4557 421 4614 di
438 4555 680 4636 Calogerul'om.
697 4555 732 4614 ll.
750 4577 779 4634 p.
796 4558 842 4620 65.
879 4550 914 4626 b)
932 4554 1092 4614 Herodian.
1109 4553 1166 4613 Dio
1182 4553 1215 4615 L.
1230 4553 1364 4617 LXXVI.
1379 4556 1402 4630 i.
1418 4557 1445 4620 6.
1491 4559 1522 4629 c)
1541 4557 1561 4615 l.
1577 4579 1601 4617 c.
1618 4563 1646 4650 p.
1662 4571 1691 4624 3.
1747 4549 1751 4556 ’

146 4649 184 4720 d)
206 4645 320 4728 Epoob.
341 4647 531 4727 Syromaced.
587 4649 618 4724 e)
637 4645 689 4708 lv.
709 4647 842 4708 Teutam.
860 4666 893 4725 p.
910 4651 973 4713 454.
990 4661 1051 4722 seq.
1116 4641 1231 4720 oller.
1250 4645 1333 4709 Tem.
1349 4642 1399 4710 Ill.
1419 4667 1449 4726 p.
1467 4643 1546 4716 XIII.
1611 4649 1643 4725 g)
1662 4649 1693 4704 in

146 4741 443 4814 emonensem.
509 4809 552 4820 Ι,
685 4795 689 4802 .

244 4833 334 4914 (Vol.
359 4831 491 4914 711.)··

1407 4813 1491 4894 ‘st
